34100000      081222347623000178                    06248 000000045232 5CELER PAGAMENTOS              Itau Unibanco S.A                       10702202000000000000000                                                                           
34100011C9841040 222347623000178                    06248 000000045232 5CELER PAGAMENTOS                                                                                   00000                                   00000000                     
3410001300001A00000023701849 000000007000 9LEONIDIA ALVES CARDOSO        182411              07022020REA000000000000000000000000941539                    00000000000000000000000                    00000030200043403030                       
34100015         000003000000000000941539000000000000000000                                                                                                                                                                                     
34199999         000001000005                                                                                                                                                                                                                   
