34100000      081222347623000178                    06248 000000045232 5CELER PAGAMENTOS              Itau Unibanco S.A                       10702202000000000000000                                                                           
34100011C9841040 222347623000178                    06248 000000045232 5CELER PAGAMENTOS                                                                                   00000                                   00000000                     
3410001300001A00000023702886 000000010142 7LRM ACESSORIOS SERVICOS A L ME182402              07022020REA000000000000000000000000313042                    00000000000000000000000                    00000094100054524310                       
3410001300002A00000023701849 000000007000 9LEONIDIA ALVES CARDOSO        182403              07022020REA000000000000000000000000941539                    00000000000000000000000                    00000030200043403030                       
3410001300003A00000023702621 000000030652 5HIGIENOPOLIS ROTISSERIE E CONE182404              07022020REA000000000000000000000000641249                    00000000000000000000000                    00000025100003597511                       
3410001300004A00000023702302 000000004100 9TRADICAO DISTRIBUIDORA DE PERS182405              07022020REA000000000000000000000000948792                    00000000000000000000000                    00000057100091843547                       
3410001300005A00000000107007 000000011524 0MILANI E MACHADO PRODUCOES EIR182406              07022020REA000000000000000000000000318193                    00000000000000000000000                    00000048100097203253                       
3410001300006A00000023705246 000000022217 8SANTO SHOW PRODUCOES E EVENTOS182407              07022020REA000000000000000000000000384837                    00000000000000000000000                    00000021100001382931                       
34100015         000008000000000003547652000000000000000000                                                                                                                                                                                     
34199999         000001000010                                                                                                                                                                                                                   
