34100000      081222347623000178                    06248 000000045232 5CELER PAGAMENTOS              Itau Unibanco S.A                       10702202000000000000000                                                                           
34100011C9841040 222347623000178                    06248 000000045232 5CELER PAGAMENTOS                                                                                   00000                                   00000000                     
3410001300001A00000023702886 000000010142 7LRM ACESSORIOS SERVICOS A L ME182408              07022020REA000000000000000000000000313042                    00000000000000000000000                    00000094100054524310                       
3410001300002A00000000107007 000000011524 0MILANI E MACHADO PRODUCOES EIR182409              07022020REA000000000000000000000000318193                    00000000000000000000000                    00000048100097203253                       
3410001300003A00000023705246 000000022217 8SANTO SHOW PRODUCOES E EVENTOS182410              07022020REA000000000000000000000000384837                    00000000000000000000000                    00000021100001382931                       
34100015         000005000000000001016072000000000000000000                                                                                                                                                                                     
34199999         000001000007                                                                                                                                                                                                                   
