34100000      081222347623000178                    06248 000000045232 5CELER PAGAMENTOS              Itau Unibanco S.A                       11202202000000000000000                                                                           
34100011C9801040 222347623000178                    06248 000000045232 5CELER PAGAMENTOS                                                                                   00000                                   00000000                     
3410001300001A00000034108557 000000007408 8KELI CRISTINA ARGERI          195776              12022020REA000000000000000000000000051088                    00000000000000000000000                    00000000030928994821                     00
3410001300002A00000034103839 000000008967 3LABORATORIO DE ANALISES CLINIC195814              12022020REA000000000000000000000000052796                    00000000000000000000000                    00000077811685000180                     00
3410001300003A00000034107706 000000024030 1THIAGO FELIPE CAMARA SOUZA    195774              12022020REA000000000000000000000000158296                    00000000000000000000000                    00000030628410000142                     00
3410001300004A00000034107922 000000000102 4BRUNO CAMILO DO NASCIMENTO    195837              12022020REA000000000000000000000000166616                    00000000000000000000000                    00000000007594113446                     00
3410001300005A00000034102782 000000004146 7CLICK BIKE COMERCIO DE BICICLE195775              12022020REA000000000000000000000000132549                    00000000000000000000000                    00000026379824000108                     00
3410001300006A00000034100332 000000008778 2MARIA ZELIA TEREZA DE SOUZA   195821              12022020REA000000000000000000000000189753                    00000000000000000000000                    00000052965167000190                     00
34100015         000008000000000000751098000000000000000000                                                                                                                                                                                     
34100021C9841040 222347623000178                    06248 000000045232 5CELER PAGAMENTOS                                                                                   00000                                   00000000                     
3410002300001A00000008500109 000000044648 3EPR CENTRO AUTOMOTIVO ME LTDA 195828              12022020REA000000000000000000000000053927                    00000000000000000000000                    00000030636108000136                     00
3410002300002A00000023700600 000000024244 6TABARATO INDUSTRIA E COMERCIO 195839              12022020REA000000000000000000000000144131                    00000000000000000000000                    00000017059837000109                     00
3410002300003A00000023702251 000000040140 4INDUSTRIA E COMDE CONFECCAO FL195822              12022020REA000000000000000000000000085413                    00000000000000000000000                    00000004968641000276                     00
3410002300004A00000075604370 000000032990 8PDV365 PRODUCAO E AUTOMACAO DE195792              12022020REA000000000000000000000000223023                    00000000000000000000000                    00000012569291000112                     00
3410002300005A00000023700023 000000253043 0J JOAO DE SOUZA PECAS EPP     195841              12022020REA000000000000000000000000211420                    00000000000000000000000                    00000017276511000133                     00
3410002300006A00000010401048 000000002351 4COMERCIAL DE OPTICAS LTDA     195823              12022020REA000000000000000000000000118372                    00000000000000000000000                    00000003734644000100                     00
3410002300007A00000010404551 000000000217 0L.P. CONSTRUCOES LTDA ME      195865              12022020REA000000000000000000000000105097                    00000000000000000000000                    00000041314790000167                     00
3410002300008A00000000101702 000000210986 7VIDRAUTOS COMERCIO DE VIDROS P195769              12022020REA000000000000000000000000188986                    00000000000000000000000                    00000005646392000184                     00
3410002300009A00000008500101 000000732600 9MAGNUM INSTRUMENTOS MUSICAIS L195866              12022020REA000000000000000000000000186937                    00000000000000000000000                    00000082097197000193                     00
3410002300010A00000010404551 001300007769 0ANTONIO WANDERSON MOREIRA     195793              12022020REA000000000000000000000000102534                    00000000000000000000000                    00000000001214858384                     00
3410002300011A00000003300254 000013003667 7PHOENIX TREINAMENTO E DESENVOL195812              12022020REA000000000000000000000000311907                    00000000000000000000000                    00000025284710000111                     00
3410002300012A00000023700830 000000001396 0ARISTOFANES DA SILVA BATISTA N195857              12022020REA000000000000000000000000114603                    00000000000000000000000                    00000000001890637858                     00
3410002300013A00000023701789 000000043251 2CONTINENTTRAVEL  AGENCIA DE VI195842              12022020REA000000000000000000000000145949                    00000000000000000000000                    00000017714146000100                     00
3410002300014A00000003303986 00013000626  4I  VILLE VIAGENS E TURISMO LTD195845              12022020REA000000000000000000000000093646                    00000000000000000000000                    00000001361654000103                     00
3410002300015A00000003303733 000013003898 0CARTAO DE DESCONTOS           195807              12022020REA000000000000000000000000061382                    00000000000000000000000                    00000025135387000114                     00
3410002300016A00000010403792 000000000895 8CLINICA AMOR SAUDE ITABUNA EIR195863              12022020REA000000000000000000000000075205                    00000000000000000000000                    00000030522210000100                     00
3410002300017A00000010403540 001300023605 1MARIA JUSCILEIDE REGO DA SILVA195840              12022020REA000000000000000000000000072367                    00000000000000000000000                    00000000004281351370                     00
3410002300018A00000000103655 000000060764 9FRANCISCO JODEMBERG VASCONCELO195808              12022020REA000000000000000000000000080000                    00000000000000000000000                    00000000043531237349                     00
3410002300019A00000023701232 000000024868 1ATENDIMENTO MEDICO E ODONTOLOG195829              12022020REA000000000000000000000000066057                    00000000000000000000000                    00000031132613000106                     00
3410002300020A00000003303733 000013004404 0AZEVEDO E MENDES SERVICOS ADMI195819              12022020REA000000000000000000000000292607                    00000000000000000000000                    00000024996244000134                     00
3410002300021A00000023701003 000000033800 1EZEMIR MACHADO GUIMARAES FILHO195846              12022020REA000000000000000000000000067181                    00000000000000000000000                    00000000083641653304                     00
3410002300022A00000023700023 000000253043 0JOAO H BOTELHO GENNARI RESTAUR195831              12022020REA000000000000000000000000146579                    00000000000000000000000                    00000017276511000133                     00
3410002300023A00000000106939 000000053750 0ADMINISTRADORA DE CONSULTORIOS195850              12022020REA000000000000000000000000157448                    00000000000000000000000                    00000025966574000140                     00
3410002300024A00000003303749 000013002584 8GREEN GOY NOYORI EIRELI  ME   195864              12022020REA000000000000000000000000055863                    00000000000000000000000                    00000005877577000108                     00
3410002300025A00000003301512 000013002407 2PAIVA E PAIVA CONSULTORIOS MED195790              12022020REA000000000000000000000000058603                    00000000000000000000000                    00000028782455000125                     00
3410002300026A00000023702505 000000026311 7A NORDESTINA LESTE  MOVEIS ELE195781              12022020REA000000000000000000000000111419                    00000000000000000000000                    00000026699733000150                     00
3410002300027A00000000103472 000000061038 0F A F DA SILVA MATERIAL DE CON195827              12022020REA000000000000000000000000067334                    00000000000000000000000                    00000027188035000152                     00
3410002300028A00000000101041 000000024929 7JOAO ARY ALVES                195835              12022020REA000000000000000000000000087324                    00000000000000000000000                    00000000040832406368                     00
3410002300029A00000003301268 000013001326 1TERRAS GOIANAS CLINICA MEDICA 195795              12022020REA000000000000000000000000136771                    00000000000000000000000                    00000028796557000108                     00
3410002300030A00000010400283 000000003246 2CLINICA MEDICA E ODONTOLOGICA 195826              12022020REA000000000000000000000000058274                    00000000000000000000000                    00000032283114000182                     00
3410002300031A00000007700001 000002214080 8IDEIA MIDIA GRAFICA DIGITAL  E195778              12022020REA000000000000000000000000061946                    00000000000000000000000                    00000007988078000105                     00
3410002300032A00000000101409 000000028674 5VEXNET TELECON INFORMATICA LTD195796              12022020REA000000000000000000000000059959                    00000000000000000000000                    00000011500145000178                     00
3410002300033A00000013301075 000000009280 0ALEXANDRE PEDRO DA ROSA       195824              12022020REA000000000000000000000000069746                    00000000000000000000000                    00000027060549000128                     00
3410002300034A00000023703238 000000091504 1CASA DOS RELOJOEIROS EIRELI   195849              12022020REA000000000000000000000000090057                    00000000000000000000000                    00000008038666000140                     00
3410002300035A00000013301608 000000006806 3ELISANDRO COELHO              195871              12022020REA000000000000000000000000058994                    00000000000000000000000                    00000012246661000180                     00
3410002300036A00000003304323 000013003436 6EDUARDO NICOLAS SOARES DE SOUS195838              12022020REA000000000000000000000000058009                    00000000000000000000000                    00000030085614000184                     00
3410002300037A00000023700105 000000220583 1CASA DE GAROA EIRELLI         195773              12022020REA000000000000000000000000065062                    00000000000000000000000                    00000008515856000101                     00
3410002300038A00000013301075 000000009739 0PAULA CAROLINA DA SILVA MEI   195799              12022020REA000000000000000000000000103571                    00000000000000000000000                    00000028678665000178                     00
3410002300039A00000010403625 000000000420 1VAL FREIRE ESTETICA EIRELI    195803              12022020REA000000000000000000000000197133                    00000000000000000000000                    00000022147131000139                     00
3410002300040A00000023701849 000000007000 9LEONIDIA ALVES CARDOSO        195854              12022020REA000000000000000000000000369016                    00000000000000000000000                    00000003030434000203                     00
3410002300041A00000013301003 000000014380 4DAIANE TOMAZETTO BERNARDI     195869              12022020REA000000000000000000000000168989                    00000000000000000000000                    00000028893656000108                     00
3410002300042A00000003300702 000013001645 1LAS PILATES SERVICOS DE FISIOT195800              12022020REA000000000000000000000000108031                    00000000000000000000000                    00000021268093000100                     00
3410002300043A00000023701610 000000004176 9FERNANDA ROBERTI ATERJE       195856              12022020REA000000000000000000000000075434                    00000000000000000000000                    00000000092023193672                     00
3410002300044A00000013301075 000000023619 5POSTO DE COMBUSTIVEL SAMAMBAIA195848              12022020REA000000000000000000000000082326                    00000000000000000000000                    00000030864632000164                     00
3410002300045A00000003304008 000013002720 7PROMAQ COMERCIO DE MAQUINAS E 195851              12022020REA000000000000000000000000053637                    00000000000000000000000                    00000024626838000153                     00
3410002300046A00000010400749 000000000834 3P W F T GUEDES PROMOCOES      195772              12022020REA000000000000000000000000224651                    00000000000000000000000                    00000004893646000104                     00
3410002300047A00000023701955 000000003539 4CASA FORTE MATERIAIS PARA CONS195847              12022020REA000000000000000000000000229457                    00000000000000000000000                    00000015177499000184                     00
3410002300048A00000013301075 000000022862 1TED MARYNUS CONFECCOES LTDA   195870              12022020REA000000000000000000000000084212                    00000000000000000000000                    00000082855537000106                     00
3410002300049A00000008900003 000000201990 6TIAGO HENRIQUE MENGALI        195817              12022020REA000000000000000000000000379739                    00000000000000000000000                    00000012149895000100                     00
3410002300050A00000013301009 000000006377 0PAULO FERDINANDO FERREIRA     195843              12022020REA000000000000000000000000273140                    00000000000000000000000                    00000015726900000198                     00
3410002300051A00000013301584 000000014932 2DROGARIA 19 DE AGOSTO         195868              12022020REA000000000000000000000000051679                    00000000000000000000000                    00000017557673000140                     00
3410002300052A00000013301003 000000009546 0FAVERO E BORTOLIN FISIOTERAPIA195836              12022020REA000000000000000000000000097359                    00000000000000000000000                    00000032415298000197                     00
3410002300053A00000000103570 000000025601 3SOUVIE COMERCIO INDUSTRIA IMPO195820              12022020REA000000000000000000000000051835                    00000000000000000000000                    00000012226852000180                     00
3410002300054A00000003303132 000001052601 4VIVIANE RIBEIRO DE FREITAS    195813              12022020REA000000000000000000000000054000                    00000000000000000000000                    00000000004593341310                     00
3410002300055A00000000101107 000000010765 4COMERCIAL BOMFIM CORREA LTDA  195810              12022020REA000000000000000000000000058292                    00000000000000000000000                    00000004814671000147                     00
3410002300056A00000023706326 000000006804 7JOSE ALBERTO MARTINS NOVAIS BA195777              12022020REA000000000000000000000000082202                    00000000000000000000000                    00000026758357000127                     00
3410002300057A00000003303554 000013000683 0BELLA PETROPOLIS PADARIA E CON195804              12022020REA000000000000000000000000328172                    00000000000000000000000                    00000006949388000158                     00
3410002300058A00000000103138 000000015206 4FAUSTO SILVEIRA DE PAIVA  ME  195858              12022020REA000000000000000000000000141918                    00000000000000000000000                    00000008874195000100                     00
3410002300059A00000000101774 000000027509 3VINICIUS JOSE ARAUJO BORGES DE195844              12022020REA000000000000000000000000084751                    00000000000000000000000                    00000026601358000163                     00
3410002300060A00000013301003 000000009906 6JB MATERIAIS ELETRICOS LTDA ME195787              12022020REA000000000000000000000000138769                    00000000000000000000000                    00000001965594000138                     00
3410002300061A00000074802101 000000000688 2CASIMIRO RICARDO DE OLIVEIRA P195816              12022020REA000000000000000000000000117084                    00000000000000000000000                    00000000045095230500                     00
3410002300062A00000010402176 000000021808 3ADRIANA GONCALVES LISBOA      195852              12022020REA000000000000000000000000175806                    00000000000000000000000                    00000000097461830520                     00
3410002300063A00000026000001 000068955455 3BRUNA PEREIRA QUERINO         195853              12022020REA000000000000000000000000184455                    00000000000000000000000                    00000000011246657490                     00
3410002300064A00000010401563 000000002660 2DARLAN DA SILVA               195801              12022020REA000000000000000000000000106610                    00000000000000000000000                    00000015243083000117                     00
3410002300065A00000010400617 001300021974 2JESSICA SUENE RAMOS DE MENDONC195788              12022020REA000000000000000000000000055434                    00000000000000000000000                    00000000008761121495                     00
3410002300066A00000023707139 000000005997 8T A COMERCIO VAREJISTA DE TELE195825              12022020REA000000000000000000000000084154                    00000000000000000000000                    00000008751872000101                     00
3410002300067A00000000103478 000000054048 0F J  AGROVETERINARIA EIRELI   195833              12022020REA000000000000000000000000117111                    00000000000000000000000                    00000028645829000160                     00
3410002300068A00000010402124 001300059830 7AMARO LUIS DA SILVA           195834              12022020REA000000000000000000000000051504                    00000000000000000000000                    00000000007488596404                     00
3410002300069A00000000101246 000000069168 2VM COMPONENTES ELETRONICOS EIR195794              12022020REA000000000000000000000000100079                    00000000000000000000000                    00000019085524000150                     00
3410002300070A00000023702302 000000004100 9TRADICAO DISTRIBUIDORA DE PERS195783              12022020REA000000000000000000000000274738                    00000000000000000000000                    00000074534819000175                     00
3410002300071A00000010400271 000000000864 7DENTAL NORTE COMERCIO DE PRODU195802              12022020REA000000000000000000000000090637                    00000000000000000000000                    00000001941242000142                     00
3410002300072A00000010401351 000000001478 4BERTA PADARIA LTDA            195784              12022020REA000000000000000000000000055755                    00000000000000000000000                    00000017547528000188                     00
3410002300073A00000013301003 000000008546 4CONSTRULAR MADEIRAS LTDA ME   195770              12022020REA000000000000000000000000099649                    00000000000000000000000                    00000011307952000179                     00
3410002300074A00000013301009 000000009142 1ORIDES BASSO                  195785              12022020REA000000000000000000000000058350                    00000000000000000000000                    00000030199959000169                     00
3410002300075A00000013301075 000000009464 1K S AUTO SOM E ALARMES LTDA   195832              12022020REA000000000000000000000000065427                    00000000000000000000000                    00000072256266000100                     00
3410002300076A00000000103082 000000003108 9TS2 ATIVIDADES FISICAS ESPECIA195791              12022020REA000000000000000000000000055099                    00000000000000000000000                    00000033092250000158                     00
3410002300077A00000000107007 000000011524 0MILANI E MACHADO PRODUCOES EIR195859              12022020REA000000000000000000000000097010                    00000000000000000000000                    00000035230279000184                     00
3410002300078A00000000101409 000000024251 9FRANCISCO DAS CHAGAS ABREU CED195786              12022020REA000000000000000000000000107658                    00000000000000000000000                    00000000087373378315                     00
3410002300079A00000010400400 000600071026 5AUTARQUIA MUNICIPAL DE TRANSIT195867              12022020REA000000000000000000000000142754                    00000000000000000000000                    00000005073426000199                     00
3410002300080A00000000105898 000000010118 4MERIDIANA LIRA BARBOZA        195855              12022020REA000000000000000000000000057736                    00000000000000000000000                    00000000006652943441                     00
3410002300081A00000023700564 000000066682 3RAMILIA MARIA DE SOUZA PEREIRA195830              12022020REA000000000000000000000000131210                    00000000000000000000000                    00000000063136511387                     00
3410002300082A00000023705474 000000003256 5L  L MATERIAIS DE CONSTRUCAO L195797              12022020REA000000000000000000000000196671                    00000000000000000000000                    00000016384967000154                     00
3410002300083A00000010400729 001300013134 8FRANCISCO DAS CHAGAS SILVA    195811              12022020REA000000000000000000000000091409                    00000000000000000000000                    00000000002891628403                     00
3410002300084A00000000102731 000000022177 5CLAUDIA THAINA DE OLIVEIRA FAI195782              12022020REA000000000000000000000000070970                    00000000000000000000000                    00000000008762500457                     00
3410002300085A00000075604340 000000118988 3ARCANJO AUTO SOCORRO E VENDA D195809              12022020REA000000000000000000000000092913                    00000000000000000000000                    00000029593404000118                     00
3410002300086A00000075604321 000000001206 8E P T SERVICO EDUCACIONAIS LTD195789              12022020REA000000000000000000000000057276                    00000000000000000000000                    00000010397991000141                     00
3410002300087A00000023701234 000000086954 6JM VEICULOS LTDA              195818              12022020REA000000000000000000000000120381                    00000000000000000000000                    00000004175082000166                     00
3410002300088A00000000102199 000000023520 2MATEUS CORDEIRO NUNES         195780              12022020REA000000000000000000000000053749                    00000000000000000000000                    00000000002751509339                     00
3410002300089A00000023702080 000000001510 5ANTONIO EUFRASIO DE MELO      195798              12022020REA000000000000000000000000063255                    00000000000000000000000                    00000000081840535415                     00
3410002300090A00000074800704 000000002316 7SUNON RETAIL SOLUCOES SUSTENTA195860              12022020REA000000000000000000000000073350                    00000000000000000000000                    00000021724854000190                     00
3410002300091A00000003304267 000001300219 3BOULEVARD DE VILLE PAES E DOCE195815              12022020REA000000000000000000000000055380                    00000000000000000000000                    00000001455544000100                     00
3410002300092A00000010400079 000000001756 1AUTO ELETRICA GE LTDA         195805              12022020REA000000000000000000000000080751                    00000000000000000000000                    00000013109988000173                     00
3410002300093A00000010403544 001300010428 9CICERO MANOEL DOS SANTOS      195771              12022020REA000000000000000000000000154653                    00000000000000000000000                    00000000001982987499                     00
3410002300094A00000003300035 000013004239 6CLAUDIA V B DA SILVA          195861              12022020REA000000000000000000000000632872                    00000000000000000000000                    00000032156492000103                     00
3410002300095A00000003301600 000001006286 4ROSEMEIRE APARECIDA MICHELINI 195862              12022020REA000000000000000000000000060000                    00000000000000000000000                    00000000009244400820                     00
3410002300096A00000003303269 000013003924 2TIAGO ANTONIO DA SILVA        195779              12022020REA000000000000000000000000205777                    00000000000000000000000                    00000030425668000141                     00
3410002300097A00000023700025 000000080398 7LP PARISE  CIA LTDA           195806              12022020REA000000000000000000000000070224                    00000000000000000000000                    00000014676418000128                     00
34100025         000099000000000011890336000000000000000000                                                                                                                                                                                     
34199999         000002000109                                                                                                                                                                                                                   
