34100000      081222347623000178                    06248 000000045232 5CELER PAGAMENTOS              Itau Unibanco S.A                       11902202000000000000000                                                                           
34100011C9801040 222347623000178                    06248 000000045232 5CELER PAGAMENTOS                                                                                   00000                                   00000000                     
3410001300001A00000034100059 000000078359 7ADMINISTRADORA DE CARTAO DE TO201049              19022020REA000000000000000000000000094657                    00000000000000000000000                    00000011487917000189                     00
3410001300002A00000034102746 000000025961 9MARIA APARECIDA LAURINDA DA SI201216              19022020REA000000000000000000000000103504                    00000000000000000000000                    00000020959355000110                     00
3410001300003A00000034108895 000000036292 2AMORSAUDE CLINICA MEDICA E ODO200979              19022020REA000000000000000000000000174058                    00000000000000000000000                    00000030280982000183                     00
3410001300004A00000034100445 000000075637 2SINGULAR CONSULTORIA EM VIAGEN201050              19022020REA000000000000000000000000053586                    00000000000000000000000                    00000029685986000162                     00
3410001300005A00000034107063 000000011769 6MIL HORAS VIAGENS E TURISMO LT201292              19022020REA000000000000000000000000030545                    00000000000000000000000                    00000058088535000146                     00
3410001300006A00000034106238 000000065656 2TOGETHER AGENCIA DE VIAGENS E 201054              19022020REA000000000000000000000000273317                    00000000000000000000000                    00000007678652000129                     00
3410001300007A00000034108729 000000023207 7CASSIA AGENCIA DE PASSAGENS E 200989              19022020REA000000000000000000000000057710                    00000000000000000000000                    00000058022013000141                     00
3410001300008A00000034101633 000000064800 9CARLAVIEIRA AGENCIA DE VIAGENS201022              19022020REA000000000000000000000000105311                    00000000000000000000000                    00000011768218000107                     00
3410001300009A00000034108848 000000024661 0MARIA CLAUDIA DA SILVA BASTOS 201111              19022020REA000000000000000000000000006399                    00000000000000000000000                    00000026481817000112                     00
3410001300010A00000034107657 000000015933 6NEXUS STUDIO DE VIAGENS E TURI201031              19022020REA000000000000000000000000018179                    00000000000000000000000                    00000008009868000164                     00
3410001300011A00000034108857 000000012607 5AGENCIA JORGE DE TURISMO E PAS200945              19022020REA000000000000000000000000226720                    00000000000000000000000                    00000061489399000100                     00
3410001300012A00000034104807 000000019605 2RB TOUR AGENCIA DE VIAGENS E T201092              19022020REA000000000000000000000000020629                    00000000000000000000000                    00000008538734000130                     00
3410001300013A00000034106519 000000015554 0VENDA NOVA ADM DE CARTOES LTDA201075              19022020REA000000000000000000000000002428                    00000000000000000000000                    00000012989806000133                     00
3410001300014A00000034100672 000000008708 7ADMINISTRADORA DE CARTAO DE TO201095              19022020REA000000000000000000000000014565                    00000000000000000000000                    00000025130983000101                     00
3410001300015A00000034100215 000000042080 3MARMORARIA TARDOC LTDA ME     200980              19022020REA000000000000000000000000014668                    00000000000000000000000                    00000002968921000178                     00
3410001300016A00000034100066 000000004343 1HOSPITAL SANTA PAULA          201140              19022020REA000000000000000000000000284422                    00000000000000000000000                    00000060777901000116                     00
3410001300017A00000034108895 000000036284 9AMORSAUDE BETIM CLINICA MEDICA201124              19022020REA000000000000000000000000025934                    00000000000000000000000                    00000030280982000183                     00
3410001300018A00000034109173 000000005032 0APARECIDO LUCIANO CASTAGNA ME 201176              19022020REA000000000000000000000000085265                    00000000000000000000000                    00000007503635000150                     00
3410001300019A00000034100215 000000033511 8BONFIM E SOUZA COMERCIO DE MAT200958              19022020REA000000000000000000000000090890                    00000000000000000000000                    00000006310047000138                     00
3410001300020A00000034108078 000000024444 2CARTAO DE TODOS DIADEMA LTDA M200949              19022020REA000000000000000000000000002428                    00000000000000000000000                    00000024868160000115                     00
3410001300021A00000034100504 000000020522 0MOVEIS E DECORACAO JW EIRELI  201309              19022020REA000000000000000000000000019290                    00000000000000000000000                    00000032356068000102                     00
3410001300022A00000034109069 000000014300 7ROBERTA MURCIA ANTONIASSI     200955              19022020REA000000000000000000000000054152                    00000000000000000000000                    00000020296177000194                     00
3410001300023A00000034103754 000000044102 4DAVI COSTA MEDEIROS CONSULTORI201146              19022020REA000000000000000000000000120396                    00000000000000000000000                    00000021387467000106                     00
3410001300024A00000034107011 000000008564 9SERGIO JORCELIO DE SA TORRES  200947              19022020REA000000000000000000000000100259                    00000000000000000000000                    00000000038960249149                     00
3410001300025A00000034100002 000000035253 2THIAGO MOREIRA ANDRE          201267              19022020REA000000000000000000000000043212                    00000000000000000000000                    00000003424849000180                     00
3410001300026A00000034108615 000000099635 5MARIA SALETE GOMES SALES      201303              19022020REA000000000000000000000000001737                    00000000000000000000000                    00000013527316000188                     00
3410001300027A00000034100002 000000035253 2LUCAS FERREIRA MAGALHAES      201300              19022020REA000000000000000000000000057796                    00000000000000000000000                    00000003424849000180                     00
3410001300028A00000034100002 000000035253 2EDIMILSON CAMARGO             201188              19022020REA000000000000000000000000020756                    00000000000000000000000                    00000003424849000180                     00
3410001300029A00000034100002 000000035253 2ALEXANDRE RAMOS               201221              19022020REA000000000000000000000000062693                    00000000000000000000000                    00000003424849000180                     00
3410001300030A00000034100792 000000063933 8EDUSA INDUSTRIAL DE ACOS LTDA 201115              19022020REA000000000000000000000000059608                    00000000000000000000000                    00000067565093000172                     00
3410001300031A00000034100002 000000035253 2A  G COSMETICOS LTDA          201153              19022020REA000000000000000000000000198850                    00000000000000000000000                    00000003424849000180                     00
3410001300032A00000034100002 000000035253 2CLEBER PEDROSO VIANA 383094848201087              19022020REA000000000000000000000000016390                    00000000000000000000000                    00000003424849000180                     00
3410001300033A00000034100002 000000035253 2ALLOR COMERCIO E DISTRIBUICAO 201248              19022020REA000000000000000000000000086161                    00000000000000000000000                    00000003424849000180                     00
3410001300034A00000034100002 000000035253 2COMMIL COMERCIO E SERVICOS LTD200984              19022020REA000000000000000000000000174105                    00000000000000000000000                    00000003424849000180                     00
3410001300035A00000034100002 000000035253 2MICHELLE PEREIRA RAPINI 216315201144              19022020REA000000000000000000000000009438                    00000000000000000000000                    00000003424849000180                     00
3410001300036A00000034100002 000000035253 2DIEGO RICARDO ZAGO  COSMETICOS201004              19022020REA000000000000000000000000014136                    00000000000000000000000                    00000003424849000180                     00
3410001300037A00000034100002 000000035253 2COMERCIAL DE COSMETICOS BELEZA201037              19022020REA000000000000000000000000046869                    00000000000000000000000                    00000003424849000180                     00
3410001300038A00000034100002 000000035253 2JR COSMETICOS  E REPRESENTACAO201145              19022020REA000000000000000000000000420090                    00000000000000000000000                    00000003424849000180                     00
3410001300039A00000034100002 000000035253 2NETWORK BEAUTY  FASHION COSMET201282              19022020REA000000000000000000000000035872                    00000000000000000000000                    00000003424849000180                     00
3410001300040A00000034108015 000000004423 6AARAN INDUSTRIA E COMERCIO DE 201219              19022020REA000000000000000000000000085147                    00000000000000000000000                    00000000229392000165                     00
3410001300041A00000034103005 000000003318 2EDIVALDO RODRIGUES DOS SANTOS 200965              19022020REA000000000000000000000000146917                    00000000000000000000000                    00000000014483706802                     00
3410001300042A00000034101644 000000062360 3V F DOS SANTOS COMERCIO DE MOV201302              19022020REA000000000000000000000000140221                    00000000000000000000000                    00000012258816000107                     00
3410001300043A00000034100865 000000013771 5MARCOS ROBERTO FERREIRA BISPO 201168              19022020REA000000000000000000000000330173                    00000000000000000000000                    00000049170780000107                     00
3410001300044A00000034103156 000000041732 5LAPOGEE CONFECCOES LTDA       201073              19022020REA000000000000000000000000010483                    00000000000000000000000                    00000003877833000123                     00
3410001300045A00000034100077 000000040096 8J DOS SANTOS PEREIRA  MODAS   201189              19022020REA000000000000000000000000064658                    00000000000000000000000                    00000026995735000196                     00
3410001300046A00000034103130 000000051351 2PADARIA RUA DO ROCIO PAES E LA201202              19022020REA000000000000000000000000001329                    00000000000000000000000                    00000027444888000108                     00
3410001300047A00000034103788 000000058820 4TANJI E DARCIE LTDA           200992              19022020REA000000000000000000000000133730                    00000000000000000000000                    00000017084440000177                     00
3410001300048A00000034102974 000000035415 7ROSEMERY DOS SANTOS REGO COSME200997              19022020REA000000000000000000000000085225                    00000000000000000000000                    00000021415909000180                     00
3410001300049A00000034100002 000000035253 2DRUMOND  NEGRO COMERCIO DE COS201043              19022020REA000000000000000000000000011817                    00000000000000000000000                    00000003424849000504                     00
3410001300050A00000034107119 000000011783 1LORSA MODAS E CONFECCOES LTDA 201304              19022020REA000000000000000000000000003658                    00000000000000000000000                    00000046046876000170                     00
3410001300051A00000034102977 000000018500 4W S C CONFECCOES LTDA         201251              19022020REA000000000000000000000000006015                    00000000000000000000000                    00000010890478000198                     00
3410001300052A00000034100002 000000035253 2LILIAN REGINA GOMES PASSAGNO D201007              19022020REA000000000000000000000000145937                    00000000000000000000000                    00000005694739000164                     00
3410001300053A00000034100002 000000035253 2LOOK S COMESTICOS LTDA        201257              19022020REA000000000000000000000000304157                    00000000000000000000000                    00000003424849000180                     00
3410001300054A00000034108036 000000011339 0JAIME GUILHERMINO DE SOUZA    201079              19022020REA000000000000000000000000001946                    00000000000000000000000                    00000000013865140807                     00
3410001300055A00000034100187 000000013926 6CRZ COMERCIO E REPRESENTACOES 201207              19022020REA000000000000000000000000912557                    00000000000000000000000                    00000047738604000101                     00
3410001300056A00000034104285 000000011799 2DIEGO LEITE DE BARROS ASSESSOR201252              19022020REA000000000000000000000000083332                    00000000000000000000000                    00000011316118000140                     00
3410001300057A00000034108217 000000019647 9RAQUEL FARIA SABIONI 277042048201125              19022020REA000000000000000000000000017071                    00000000000000000000000                    00000034178383000104                     00
3410001300058A00000034103130 000000066171 7ORIGINAL FOOD HALL LANCHES EIR201019              19022020REA000000000000000000000000003347                    00000000000000000000000                    00000032968102000191                     00
3410001300059A00000034106492 000000016570 6IZABEL DE SOUZA SALAZAR FURTAD201132              19022020REA000000000000000000000000003165                    00000000000000000000000                    00000018230240000148                     00
3410001300060A00000034109639 000000000230 3CARLA GROSS                   201212              19022020REA000000000000000000000000022379                    00000000000000000000000                    00000000013208817851                     00
3410001300061A00000034104086 000000006811 3AKIKO FUJII                   200944              19022020REA000000000000000000000000031234                    00000000000000000000000                    00000000015430322814                     00
34100015         000063000000000005771523000000000000000000                                                                                                                                                                                     
34100021C9841040 222347623000178                    06248 000000045232 5CELER PAGAMENTOS                                                                                   00000                                   00000000                     
3410002300001A00000003304442 000013000418 5CARTAO DE DESCONTO TERRA DOS B201299              19022020REA000000000000000000000000029597                    00000000000000000000000                    00000011051024000196                     00
3410002300002A00000023703157 000000034696 9DIEGO GARCIA DA SILVA         200972              19022020REA000000000000000000000000154766                    00000000000000000000000                    00000009354049000117                     00
3410002300003A00000008500109 000000044648 3EPR CENTRO AUTOMOTIVO ME LTDA 201159              19022020REA000000000000000000000000304979                    00000000000000000000000                    00000030636108000136                     00
3410002300004A00000023701232 000000024820 7ADMINISTRADORA DE CARTAO DE DE201277              19022020REA000000000000000000000000126810                    00000000000000000000000                    00000031284933000181                     00
3410002300005A00000075604370 000000032990 8PDV365 PRODUCAO E AUTOMACAO DE201018              19022020REA000000000000000000000001421488                    00000000000000000000000                    00000012569291000112                     00
3410002300006A00000023702371 000000032300 4ESTELLA CRISTHINA ALVES       201169              19022020REA000000000000000000000000010529                    00000000000000000000000                    00000000097009105120                     00
3410002300007A00000003304387 000013000211 4N C ADMINISTRADORA DE CARTAO D200976              19022020REA000000000000000000000000004347                    00000000000000000000000                    00000011174739000136                     00
3410002300008A00000003300037 000000147525 4DILVANIA APARECIDA VIEIRA     201041              19022020REA000000000000000000000000008359                    00000000000000000000000                    00000000001899964800                     00
3410002300009A00000023701849 000000001268 8AURELIO FERREIRA RIBEIRO ME   201209              19022020REA000000000000000000000000096674                    00000000000000000000000                    00000005669371000184                     00
3410002300010A00000000101218 000000014405 3RAIMUNDO ISAIAS MONTEIRO PINTO201166              19022020REA000000000000000000000000011446                    00000000000000000000000                    00000000062422260306                     00
3410002300011A00000026000001 000071128234 0RENATO LOPES DE PAULA         200968              19022020REA000000000000000000000000021179                    00000000000000000000000                    00000000002942683163                     00
3410002300012A00000008500101 000000732600 9MAGNUM INSTRUMENTOS MUSICAIS L201289              19022020REA000000000000000000000000914955                    00000000000000000000000                    00000082097197000193                     00
3410002300013A00000010400898 000000002712 8ADMINISTRADORA DE SERVICOS DE 201021              19022020REA000000000000000000000000040542                    00000000000000000000000                    00000030676872000135                     00
3410002300014A00000008500101 000000679040 2SALVA MED EMERGENCIAS MEDICAS 201110              19022020REA000000000000000000000000027088                    00000000000000000000000                    00000004094517000148                     00
3410002300015A00000000106864 000000012148 7W WANDER MARTINS ME           201171              19022020REA000000000000000000000000004555                    00000000000000000000000                    00000017626932000147                     00
3410002300016A00000010404557 000000000878 2ADMINISTRADORA DE CARTAO DE TO201148              19022020REA000000000000000000000000085001                    00000000000000000000000                    00000025341175000193                     00
3410002300017A00000010400118 000000003357 6ADMINISTRADORA DE CARTAO DE DE201203              19022020REA000000000000000000000000004855                    00000000000000000000000                    00000030877366000104                     00
3410002300018A00000010400917 000000005066 0ADMINISTRADORA DE CARTAO DE DE201199              19022020REA000000000000000000000000046123                    00000000000000000000000                    00000031407148000179                     00
3410002300019A00000010403245 000000004626 7ALINE ELAINE GUIMARAES        201123              19022020REA000000000000000000000000025949                    00000000000000000000000                    00000000028537168807                     00
3410002300020A00000003300083 000013007492 1CENTRAL DE NEGOCIOS AGENCIA DE201191              19022020REA000000000000000000000000247297                    00000000000000000000000                    00000004885275000100                     00
3410002300021A00000023703061 000000013470 8LIMATUR CONGRESSOS E EVENTOS L201147              19022020REA000000000000000000000000089361                    00000000000000000000000                    00000022528147000191                     00
3410002300022A00000023700095 000000148486 9ALTERNATUR AGENCIA DE VIAGENS 201196              19022020REA000000000000000000000000082444                    00000000000000000000000                    00000058645359000104                     00
3410002300023A00000023702297 000000116826 6M VERMELHO PRODUTOS ALIMENTICI201100              19022020REA000000000000000000000000003680                    00000000000000000000000                    00000059456723000142                     00
3410002300024A00000023702249 000000018639 2ATILA ALVES DE OLIVEIRA 217321201172              19022020REA000000000000000000000000049661                    00000000000000000000000                    00000028115797000191                     00
3410002300025A0000002370128  00000004256  0GRAN VIAGGI TURISMO LTDA ME   201091              19022020REA000000000000000000000000037094                    00000000000000000000000                    00000069288967000117                     00
3410002300026A00000023701789 000000043251 2CONTINENTTRAVEL  AGENCIA DE VI201226              19022020REA000000000000000000000000037096                    00000000000000000000000                    00000017714146000100                     00
3410002300027A00000010400815 0 0000100048 8CARLOS HENRIQUE QUEIROGA AMARA201175              19022020REA000000000000000000000000019102                    00000000000000000000000                    00000000023212926600                     00
3410002300028A00000074800155 000000028554 4JOAO SIMAO MATERIAIS DE CONSTR201261              19022020REA000000000000000000000000013393                    00000000000000000000000                    00000087248100000110                     00
3410002300029A00000003303733 000013003898 0CARTAO DE DESCONTOS           201063              19022020REA000000000000000000000000258475                    00000000000000000000000                    00000025135387000114                     00
3410002300030A00000075603125 000000632446 0SANTOS  DIOGO LTDA            201136              19022020REA000000000000000000000000209752                    00000000000000000000000                    00000003177943000182                     00
3410002300031A00000075603125 000000631809 6ANSELMO ACETI INFORMATICA  ME 201044              19022020REA000000000000000000000000272748                    00000000000000000000000                    00000004322177000165                     00
3410002300032A00000023700218 000000018737 2JANE KELLY CARNEIRO DA SILVA  201285              19022020REA000000000000000000000000058479                    00000000000000000000000                    00000017601199000106                     00
3410002300033A00000000100781 000000018701 1ADEMIR APARECIDO CONSTANTINO M200985              19022020REA000000000000000000000000218079                    00000000000000000000000                    00000004162718000135                     00
3410002300034A00000026000001 000001507461 8EWERTON ROSA GOMES            201009              19022020REA000000000000000000000000072710                    00000000000000000000000                    00000000002330612150                     00
3410002300035A00000000102502 000000046291 8VICOSO ESTACIONAMENTO LTDA    201296              19022020REA000000000000000000000000017793                    00000000000000000000000                    00000007799557000183                     00
3410002300036A00000010401045 000000003062 0ARACAJU ADMINISTRACAO DE CARTA201242              19022020REA000000000000000000000000066850                    00000000000000000000000                    00000031747596000111                     00
3410002300037A00000074800155 000000015946 8VALDO COMUNICACAO VISUAL LTDA 201003              19022020REA000000000000000000000000076434                    00000000000000000000000                    00000000321078000108                     00
3410002300038A00000023701232 000000024868 1ATENDIMENTO MEDICO E ODONTOLOG201170              19022020REA000000000000000000000000336066                    00000000000000000000000                    00000031132613000106                     00
3410002300039A00000023700223 000000211185 3SUELI APARECIDA PORPHIRIO FERN201133              19022020REA000000000000000000000000091215                    00000000000000000000000                    00000008075662000132                     00
3410002300040A00000003304039 000013002389 4ATENDIMENTO MEDICO E ODONTOLOG201274              19022020REA000000000000000000000000009685                    00000000000000000000000                    00000031710733000143                     00
3410002300041A00000010401464 000000028961 7MARIA CLEMENTINA DE ALMEIDA OL201077              19022020REA000000000000000000000000001453                    00000000000000000000000                    00000000060934255172                     00
3410002300042A00000003303733 000013004404 0AZEVEDO E MENDES SERVICOS ADMI201102              19022020REA000000000000000000000000739918                    00000000000000000000000                    00000024996244000134                     00
3410002300043A00000010404292 000000000487 6SONHO DE CRIANCA CONFECCAO INF201088              19022020REA000000000000000000000000015915                    00000000000000000000000                    00000022704478000135                     00
3410002300044A00000010404292 000000023725 4MAICON ROBSON GABARDO         201134              19022020REA000000000000000000000000007191                    00000000000000000000000                    00000000000851022960                     00
3410002300045A00000075604340 000000084173 0PARQUE DE TECNOLOGIA DA INFORM200953              19022020REA000000000000000000000000007013                    00000000000000000000000                    00000024933602000160                     00
3410002300046A00000000102916 000000018131 5FLORESTE E SUPRIMENTO FLORESTA200948              19022020REA000000000000000000000000068005                    00000000000000000000000                    00000008140158000179                     00
3410002300047A00000000101873 000000006886 1ROSEMARY LOUVEIRA             200962              19022020REA000000000000000000000000010828                    00000000000000000000000                    00000000036766658134                     00
3410002300048A00000023700023 000000253043 0JOAO H BOTELHO GENNARI RESTAUR201173              19022020REA000000000000000000000000999268                    00000000000000000000000                    00000017276511000133                     00
3410002300049A00000008900004 000000300525 3JORGE HENRIQUE MICHEL  CIA LTD201230              19022020REA000000000000000000000000074684                    00000000000000000000000                    00000057820698000109                     00
3410002300050A00000023701849 000000009225 8JESSIKA APARECIDA MORAES DE CA201119              19022020REA000000000000000000000000063642                    00000000000000000000000                    00000000000356019144                     00
3410002300051A00000023700534 000000081028 2OSVALDO ANTONIO DE FREITAS    200990              19022020REA000000000000000000000000035831                    00000000000000000000000                    00000000088888088849                     00
3410002300052A00000003304501 000013002428 2CEMA CENTRO MEDICO E ODONTOLOG201273              19022020REA000000000000000000000000064635                    00000000000000000000000                    00000010576511000100                     00
3410002300053A00000000106939 000000053750 0ADMINISTRADORA DE CONSULTORIOS201255              19022020REA000000000000000000000000539632                    00000000000000000000000                    00000025966574000140                     00
3410002300054A00000003303749 000013002584 8GREEN GOY NOYORI EIRELI  ME   201284              19022020REA000000000000000000000000247012                    00000000000000000000000                    00000005877577000108                     00
3410002300055A00000010402047 000000304973 1CLINICA MEDICA E ODONTOLOGICA 200993              19022020REA000000000000000000000000321960                    00000000000000000000000                    00000031570751000177                     00
3410002300056A00000010401461 000000001628 9BRIZOLA R SETTE E MARIA DO CAR200981              19022020REA000000000000000000000000038379                    00000000000000000000000                    00000030914197000135                     00
3410002300057A00000000100095 000000028910 8FF INDUSTRIA DE ALIMENTOS LTDA201127              19022020REA000000000000000000000000021912                    00000000000000000000000                    00000020169895000280                     00
3410002300058A00000000101498 000000008037 3PEDRO DELLA GIUSTINA SOUZA    201090              19022020REA000000000000000000000000119721                    00000000000000000000000                    00000078872769000197                     00
3410002300059A00000003303047 000013002290 1CATANDUVA ADMINISTRADORA DE CA201279              19022020REA000000000000000000000000002107                    00000000000000000000000                    00000024028199000124                     00
3410002300060A00000023702886 000000010142 7LRM ACESSORIOS SERVICOS A L ME201152              19022020REA000000000000000000000000059033                    00000000000000000000000                    00000001342545000149                     00
3410002300061A00000023702112 000000002890 8LATICINIOS ZACARIAS LTDA      201078              19022020REA000000000000000000000000035622                    00000000000000000000000                    00000060570488000114                     00
3410002300062A00000023701902 000000033080 9VALDIR ALBERTO LEDESMA        201161              19022020REA000000000000000000000000019147                    00000000000000000000000                    00000000083556834120                     00
3410002300063A00000000106713 000000006702 7IVO RODRIGUES JUNIOR          201231              19022020REA000000000000000000000000007253                    00000000000000000000000                    00000000040442856830                     00
3410002300064A00000008900001 000000003797 4NAIR DA SILVA MUNIZ 1728733782201066              19022020REA000000000000000000000000150558                    00000000000000000000000                    00000029549230000196                     00
3410002300065A00000003304422 000013001206 1MEDMAX COMERCIO DE EQUIPAMENTO201240              19022020REA000000000000000000000000282483                    00000000000000000000000                    00000007760277000161                     00
3410002300066A00000074800728 000000063824 2JULIANO FRANCISCO DA SILVA ACA201234              19022020REA000000000000000000000000095736                    00000000000000000000000                    00000019204801000105                     00
3410002300067A00000000100165 000000037203 0REGIANE ZACCHEU CARMINATI     201160              19022020REA000000000000000000000000050453                    00000000000000000000000                    00000032467627000143                     00
3410002300068A00000010401651 000000019490 2CARTAO DE TODOS PETROPOLIS LTD201096              19022020REA000000000000000000000000018332                    00000000000000000000000                    00000013584247000144                     00
3410002300069A00000003300113 000001005737 0MARILIA CARVALHO DOS SANTOS   201051              19022020REA000000000000000000000000023352                    00000000000000000000000                    00000000027276313832                     00
3410002300070A00000023700997 000000030470 0REJANE CLAUDINO MELO          201143              19022020REA000000000000000000000000020523                    00000000000000000000000                    00000000084356030320                     00
3410002300071A00000003301268 000013001326 1TERRAS GOIANAS CLINICA MEDICA 201032              19022020REA000000000000000000000000164439                    00000000000000000000000                    00000028796557000108                     00
3410002300072A00000010400118 000000003397 5TERRAS GOIANAS CLINICA MEDICA 201275              19022020REA000000000000000000000000044277                    00000000000000000000000                    00000028796557000108                     00
3410002300073A00000010400118 000000003325 8ADMINISTRADORA DE CARTAO DE DE201174              19022020REA000000000000000000000000038646                    00000000000000000000000                    00000030420633000110                     00
3410002300074A00000023702349 000000000800 1FAGUNDES CERTIFICADORA E SERVI200988              19022020REA000000000000000000000000005452                    00000000000000000000000                    00000004740806000177                     00
3410002300075A00000023701536 000000012324 2ATAMIR DIAS MARQUES           201008              19022020REA000000000000000000000000126163                    00000000000000000000000                    00000000001516003179                     00
3410002300076A00000010400283 000000003246 2CLINICA MEDICA E ODONTOLOGICA 201158              19022020REA000000000000000000000000102755                    00000000000000000000000                    00000032283114000182                     00
3410002300077A00000023701849 000000008908 7KELVIN HENRY COUTINHO BITTENCO201086              19022020REA000000000000000000000000007841                    00000000000000000000000                    00000000004748649100                     00
3410002300078A00000000100063 000000005933 1CENTRO DE ENDOCRINOLOGIA E MET200956              19022020REA000000000000000000000000109210                    00000000000000000000000                    00000035439728001090                     00
3410002300079A00000000100063 000000005933 1CENTRO DE ENDOCRINOLOGIA E MET201055              19022020REA000000000000000000000000063927                    00000000000000000000000                    00000035439728000522                     00
3410002300080A00000007700001 000002214080 8IDEIA MIDIA GRAFICA DIGITAL  E200982              19022020REA000000000000000000000000150697                    00000000000000000000000                    00000007988078000105                     00
3410002300081A00000000101409 000000028674 5VEXNET TELECON INFORMATICA LTD201033              19022020REA000000000000000000000000149768                    00000000000000000000000                    00000011500145000178                     00
3410002300082A00000010401086 000003003899 3CARTAO DE DESCONTO TAPG ITAQUE201001              19022020REA000000000000000000000000012179                    00000000000000000000000                    00000024819584000190                     00
3410002300083A00000010401688 000000000216 9WAUS MALHAS LTDA              201243              19022020REA000000000000000000000000012662                    00000000000000000000000                    00000021902093000110                     00
3410002300084A00000023700458 000000007549 3MARIA LUCILENE LOPES CARNEIRO 201183              19022020REA000000000000000000000000030851                    00000000000000000000000                    00000021810036000100                     00
3410002300085A00000075603169 000000009707 1CASA DA PIMENTA COMERCIAL DE B201064              19022020REA000000000000000000000000004042                    00000000000000000000000                    00000008098251000162                     00
3410002300086A00000013301569 000000028087 9ROBIS GRAVINO DA FONSECA      201307              19022020REA000000000000000000000000009681                    00000000000000000000000                    00000000009616611780                     00
3410002300087A00000008900012 000001100659 5YZZA CASES  ACESSORIOS PARA CE200957              19022020REA000000000000000000000000002428                    00000000000000000000000                    00000029872341000139                     00
3410002300088A00000008900003 000000201762 8EDIVALDO DIAS                 201238              19022020REA000000000000000000000000005638                    00000000000000000000000                    00000000013666671829                     00
3410002300089A00000013301075 000000009280 0ALEXANDRE PEDRO DA ROSA       201135              19022020REA000000000000000000000000272443                    00000000000000000000000                    00000027060549000128                     00
3410002300090A00000013301579 000000028236 7CAIO CESAR PEREIRA            201193              19022020REA000000000000000000000000009879                    00000000000000000000000                    00000020863883000170                     00
3410002300091A00000013301602 000000001492 3REGILDA FERNANDA SPEER GARCIA 201185              19022020REA000000000000000000000000009681                    00000000000000000000000                    00000000005666111981                     00
3410002300092A00000013301075 000000027569 7DELLA ROCCA E ROSA ACADEMIA LT200969              19022020REA000000000000000000000000007231                    00000000000000000000000                    00000029699928000198                     00
3410002300093A00000013301075 000000028391 6AUTO POSTO SAO PEDRO EIRELI   200973              19022020REA000000000000000000000000037164                    00000000000000000000000                    00000080107030000130                     00
3410002300094A00000013301075 000000006792 0VALDORI DE LIMA               201023              19022020REA000000000000000000000000060797                    00000000000000000000000                    00000000095131388953                     00
3410002300095A00000013301608 000000006806 3ELISANDRO COELHO              201308              19022020REA000000000000000000000000243956                    00000000000000000000000                    00000012246661000180                     00
3410002300096A00000013301608 000000009668 7MARCIEL WIETCOVSKI            200994              19022020REA000000000000000000000000390317                    00000000000000000000000                    00000022380543000114                     00
3410002300097A00000023700105 000000220583 1CASA DE GAROA EIRELLI         200963              19022020REA000000000000000000000000131151                    00000000000000000000000                    00000008515856000101                     00
3410002300098A00000008900003 000000201334 7RAFAEL DONIZETE BUCCI 17205150200950              19022020REA000000000000000000000000003399                    00000000000000000000000                    00000022566440000143                     00
3410002300099A00000013301075 000000009739 0PAULA CAROLINA DA SILVA MEI   201047              19022020REA000000000000000000000000034621                    00000000000000000000000                    00000028678665000178                     00
3410002300100A00000013301075 000000009944 9ROSILENE VAMBOMMEL MEYER 05387201011              19022020REA000000000000000000000000028913                    00000000000000000000000                    00000024149220000140                     00
3410002300101A00000013301075 000000007161 7DOUGLAS MACHADO 06651273914   201298              19022020REA000000000000000000000000025634                    00000000000000000000000                    00000018755866000178                     00
3410002300102A00000013301075 000000028122 0FERNANDO PRIM                 200951              19022020REA000000000000000000000000002438                    00000000000000000000000                    00000012455426000119                     00
3410002300103A00000013301003 000000014342 1NELI ALTINIZIA DALLASTRA      201093              19022020REA000000000000000000000000085059                    00000000000000000000000                    00000017693296000176                     00
3410002300104A00000000104992 000000012516 4CHURRASCARIA E CAFETERIA ESTRE201244              19022020REA000000000000000000000000006839                    00000000000000000000000                    00000030774098000103                     00
3410002300105A00000010403625 000000000420 1VAL FREIRE ESTETICA EIRELI    201060              19022020REA000000000000000000000000972131                    00000000000000000000000                    00000022147131000139                     00
3410002300106A00000013301009 000000006427 0ALINE CRISTINA MORAES BASSO   201270              19022020REA000000000000000000000000009280                    00000000000000000000000                    00000033700523000108                     00
3410002300107A00000023701849 000000007000 9LEONIDIA ALVES CARDOSO        201258              19022020REA000000000000000000000002177501                    00000000000000000000000                    00000003030434000203                     00
3410002300108A00000023701211 000000070392 3PRENDA MARI LTDA              201177              19022020REA000000000000000000000000058251                    00000000000000000000000                    00000002637865000199                     00
3410002300109A00000023705474 000000004421 0ESPACO TAMAREIRA POUSADA E EVE200964              19022020REA000000000000000000000000162100                    00000000000000000000000                    00000029121579000122                     00
3410002300110A00000013301608 000000002508 9AGENOR MOLINARI               201036              19022020REA000000000000000000000000001449                    00000000000000000000000                    00000000045525501953                     00
3410002300111A00000013301075 000000026680 9ALINE SOUZA RAMOS KRAISCH     200977              19022020REA000000000000000000000000013275                    00000000000000000000000                    00000095873352000168                     00
3410002300112A00000023700417 000000067546 6ANALISES CLINICAS SANTO INACIO201042              19022020REA000000000000000000000000006014                    00000000000000000000000                    00000003535069000108                     00
3410002300113A00000013301075 000000011578 9ROSELI DA CRUZ KOBUS          201180              19022020REA000000000000000000000000038245                    00000000000000000000000                    00000000003570927911                     00
3410002300114A00000013301075 000000027769 0KARINE BOARETTO CAMPOS        200998              19022020REA000000000000000000000000019960                    00000000000000000000000                    00000024626117000143                     00
3410002300115A00000013301062 000000005590 5NERI DE BORBA                 201286              19022020REA000000000000000000000000018564                    00000000000000000000000                    00000000073524875904                     00
3410002300116A00000008900012 000001100671 4LUCIANE PACELLI NUNES         201262              19022020REA000000000000000000000000028674                    00000000000000000000000                    00000000011928583873                     00
3410002300117A00000008900003 000000201865 9SILVINO DE BIAZZI FILHO       201080              19022020REA000000000000000000000000231600                    00000000000000000000000                    00000012002353000100                     00
3410002300118A00000013301003 000000014380 4DAIANE TOMAZETTO BERNARDI     201301              19022020REA000000000000000000000000208878                    00000000000000000000000                    00000028893656000108                     00
3410002300119A00000013301003 000000004779 1NADIR FRANCISCO PERONDI E CIA 201015              19022020REA000000000000000000000000318307                    00000000000000000000000                    00000004688117000160                     00
3410002300120A00000013301075 000000022364 6ALZIRA RENGEL ME              201297              19022020REA000000000000000000000000020736                    00000000000000000000000                    00000002897872000120                     00
3410002300121A00000013301003 000000004207 2SILVIA DE OLIVEIRA SANTO AUTOP201164              19022020REA000000000000000000000000014556                    00000000000000000000000                    00000006123354000100                     00
3410002300122A00000003303208 000001083899 5DAFNE DA COSTA ALMEIDA        201271              19022020REA000000000000000000000000049954                    00000000000000000000000                    00000000031082357880                     00
3410002300123A00000013301075 000000010179 6FREITAS MATERIAIS DE CONSTRUCA200995              19022020REA000000000000000000000000254056                    00000000000000000000000                    00000009356757000197                     00
3410002300124A00000013301075 000000025906 3PEDRO MOREIRA DE SOUZA        201016              19022020REA000000000000000000000000008097                    00000000000000000000000                    00000005980807000151                     00
3410002300125A00000013301075 000000014943 8NILTON POMMERENING            201213              19022020REA000000000000000000000000073074                    00000000000000000000000                    00000000068523238972                     00
3410002300126A00000003304268 000001000717 6ELISANGELA DA COLLINA FURLAN  201062              19022020REA000000000000000000000000038844                    00000000000000000000000                    00000000016479065808                     00
3410002300127A00000013301009 000000006384 3MIOTTO E ROSS RESTAURANTE E CA200983              19022020REA000000000000000000000000006727                    00000000000000000000000                    00000033566833000173                     00
3410002300128A00000013301003 000000014638 2EXCLUSIVA PNEUS E AUTO CENTER 201045              19022020REA000000000000000000000000229736                    00000000000000000000000                    00000033826693000125                     00
3410002300129A00000013301003 000000014536 0FRIGO E COLPANI LTDA          201239              19022020REA000000000000000000000000013310                    00000000000000000000000                    00000019086002000173                     00
3410002300130A00000013301075 000000016325 2JUAREZ CAPISTRANO             201005              19022020REA000000000000000000000000003404                    00000000000000000000000                    00000000072046465920                     00
3410002300131A00000013301075 000000027686 3AYRON CORREIA COMERCIO DE PRES201082              19022020REA000000000000000000000000023344                    00000000000000000000000                    00000029617720000182                     00
3410002300132A00000013301075 000000027123 3SICRET RISTOW TESKE           201151              19022020REA000000000000000000000000078074                    00000000000000000000000                    00000001421753000133                     00
3410002300133A00000013301003 000000014620 0TRANSPORTES DE PASSAGEIROS OLI201163              19022020REA000000000000000000000000016650                    00000000000000000000000                    00000006959809000121                     00
3410002300134A00000013301075 000000026360 5LEANDRO FERREIRA GUINCHO ME   200970              19022020REA000000000000000000000000029175                    00000000000000000000000                    00000012633409000124                     00
3410002300135A00000010400749 000000000834 3P W F T GUEDES PROMOCOES      200959              19022020REA000000000000000000000000166018                    00000000000000000000000                    00000004893646000104                     00
3410002300136A00000013301003 000000009793 4TIAGO JUNIOR RESTELATTO MIOLA 201141              19022020REA000000000000000000000000172242                    00000000000000000000000                    00000021767295000104                     00
3410002300137A00000013301075 000000022862 1TED MARYNUS CONFECCOES LTDA   201306              19022020REA000000000000000000000000025485                    00000000000000000000000                    00000082855537000106                     00
3410002300138A00000013301075 000000009897 3RICARDO FORSRTER              201103              19022020REA000000000000000000000000017714                    00000000000000000000000                    00000000010835541908                     00
3410002300139A00000013301518 000000002227 6AURI GEWEHR                   201210              19022020REA000000000000000000000000025285                    00000000000000000000000                    00000000064388069949                     00
3410002300140A00000013301075 000000010280 6MADEIREIRA CALAO              201039              19022020REA000000000000000000000000087309                    00000000000000000000000                    00000017287231000120                     00
3410002300141A00000023705386 000000016057 1LL ADRIANI LOCACAO EIRELI     201290              19022020REA000000000000000000000000017500                    00000000000000000000000                    00000033775915000128                     00
3410002300142A00000013301075 000000010335 7MATEUS RESTAURANTE E PIZZARIA 201137              19022020REA000000000000000000000000005924                    00000000000000000000000                    00000031139441000100                     00
3410002300143A00000013301502 000000009893 0GILBERTO DALBERTI LTDA        201311              19022020REA000000000000000000000000017116                    00000000000000000000000                    00000015085011000199                     00
3410002300144A00000013301003 000000014675 7JERUSA ALBERTON ASSMANN       201206              19022020REA000000000000000000000000074482                    00000000000000000000000                    00000003893571000190                     00
3410002300145A00000023702831 000000032144 3LL ANDRIANI                   201200              19022020REA000000000000000000000000070000                    00000000000000000000000                    00000012662553000199                     00
3410002300146A00000013301003 000000014800 8LUTERO JOAO DA MOTTA          201184              19022020REA000000000000000000000000003201                    00000000000000000000000                    00000005841347000180                     00
3410002300147A00000013301003 000000009946 5FRANCIELE ZANARDI DEFAVERI    201263              19022020REA000000000000000000000000007707                    00000000000000000000000                    00000000004894856930                     00
3410002300148A00000013301588 000000019079 9ALTAIR VALENTIM SILVA         201249              19022020REA000000000000000000000000013129                    00000000000000000000000                    00000000006629134931                     00
3410002300149A00000026000001 000071128234 0RENATO LOPES DE PAULA         201259              19022020REA000000000000000000000000183545                    00000000000000000000000                    00000000002942683163                     00
3410002300150A00000008900003 000000201990 6TIAGO HENRIQUE MENGALI        201101              19022020REA000000000000000000000000064274                    00000000000000000000000                    00000012149895000100                     00
3410002300151A00000013301003 000000004315 0D M PANISSON TRANSPORTES EIREL201201              19022020REA000000000000000000000000106337                    00000000000000000000000                    00000020726483000113                     00
3410002300152A00000013301075 000000025728 1ELOIZA FARIAS                 201020              19022020REA000000000000000000000000004118                    00000000000000000000000                    00000000008120312961                     00
3410002300153A00000013301003 000000014242 5CM COMERCIO DE PECAS IMPLEMENT201280              19022020REA000000000000000000000000064252                    00000000000000000000000                    00000007043675000167                     00
3410002300154A00000013301003 000000004069 0R E CONFECCOES LTDA ME        201232              19022020REA000000000000000000000000090355                    00000000000000000000000                    00000019802468000128                     00
3410002300155A00000013301009 000000006377 0PAULO FERDINANDO FERREIRA     201233              19022020REA000000000000000000000000018501                    00000000000000000000000                    00000015726900000198                     00
3410002300156A00000013301075 000000026683 3JULIO CEZAR DE AVILA          201157              19022020REA000000000000000000000000016736                    00000000000000000000000                    00000017385690000147                     00
3410002300157A00000013301075 000000007971 5JULIA BORBA ROCHA ME          201287              19022020REA000000000000000000000000102016                    00000000000000000000000                    00000014775306000124                     00
3410002300158A00000065500655 000004534682 8NAJLA THAISA BORGES TORRES    200971              19022020REA000000000000000000000000036110                    00000000000000000000000                    00000000003000857109                     00
3410002300159A00000013301075 000000016886 6VALDIR ROLING E CIA LTDA      201264              19022020REA000000000000000000000000039018                    00000000000000000000000                    00000001941213000180                     00
3410002300160A00000013301075 000000029040 8MARILI SALVADOR               201187              19022020REA000000000000000000000000020979                    00000000000000000000000                    00000031524799000149                     00
3410002300161A00000013301075 000000009748 9PICO DA VILA LANCHES BAR      201072              19022020REA000000000000000000000000025200                    00000000000000000000000                    00000010412787000152                     00
3410002300162A00000013301003 000000014981 0CRISTIANA SILVA VARELA        201227              19022020REA000000000000000000000000009706                    00000000000000000000000                    00000018106143000148                     00
3410002300163A00000013301003 000000009546 0FAVERO E BORTOLIN FISIOTERAPIA201194              19022020REA000000000000000000000000082389                    00000000000000000000000                    00000032415298000197                     00
3410002300164A00000013301075 000000029251 6IATAN PICKLER                 201128              19022020REA000000000000000000000000002918                    00000000000000000000000                    00000000009582934905                     00
3410002300165A00000013301003 000000005950 1ALVARO FERREIRA DE SOUZA E CIA201120              19022020REA000000000000000000000000002617                    00000000000000000000000                    00000002816859000107                     00
3410002300166A00000023700393 000000070245 5ADALBERTO AMEROSIN            201250              19022020REA000000000000000000000000072456                    00000000000000000000000                    00000000014987059878                     00
3410002300167A00000000102194 000000006738 5ANDRE PERUGINI                201076              19022020REA000000000000000000000000018141                    00000000000000000000000                    00000000047995050682                     00
3410002300168A00000000102194 000000021657 7HOTEL FILHOS DE GANDHI LTDA   200946              19022020REA000000000000000000000000023473                    00000000000000000000000                    00000022552673000197                     00
3410002300169A00000010400920 000000021289 6PK COMERCIO DE COLCOES LTDA   201089              19022020REA000000000000000000000000007157                    00000000000000000000000                    00000012446564000131                     00
3410002300170A00000013301003 000000014787 7FARMACIA COLINA DOIS VIZINHOS 201067              19022020REA000000000000000000000000009619                    00000000000000000000000                    00000027212030000118                     00
3410002300171A00000013301075 000000010029 3JAISON ARCENO DA SILVA MEI    201113              19022020REA000000000000000000000000022149                    00000000000000000000000                    00000030404012000142                     00
3410002300172A00000013301003 000000004821 6GENIR HELLSTROM PETRI         201129              19022020REA000000000000000000000000007780                    00000000000000000000000                    00000000078253551991                     00
3410002300173A00000013301009 000000006108 5MARIANI DIAS                  201291              19022020REA000000000000000000000000010368                    00000000000000000000000                    00000027102728000180                     00
3410002300174A00000013301075 000000016752 5ALAMEDA AGROPECUARIA LTDA     201025              19022020REA000000000000000000000000037733                    00000000000000000000000                    00000029262472000102                     00
3410002300175A00000010400749 000000000905 6FRANCISCO VALDIR CHAVES       201056              19022020REA000000000000000000000000063872                    00000000000000000000000                    00000023560519000120                     00
3410002300176A00000013301075 000000021812 0LAVACAO E BORRACHARIA DOIS IRM200960              19022020REA000000000000000000000000012120                    00000000000000000000000                    00000079817037000167                     00
3410002300177A00000013301058 000000009045 0J A TEIXEIRA BARANCELLI RESTAU201266              19022020REA000000000000000000000000027371                    00000000000000000000000                    00000006143819000194                     00
3410002300178A00000013301003 000000003269 7LEONILDA BONETE BRANDAO       201167              19022020REA000000000000000000000000002632                    00000000000000000000000                    00000000002265585920                     00
3410002300179A00000013301075 000000029377 6VERA MERIANE DE SOUZA FERREIRA200966              19022020REA000000000000000000000000017852                    00000000000000000000000                    00000029443933000135                     00
3410002300180A00000013301003 000000014545 9CENTRO DE FORMACAO DE CONDUTOR201236              19022020REA000000000000000000000000067261                    00000000000000000000000                    00000010575109000100                     00
3410002300181A00000013301009 000000006537 4VALERIO JOSE GONCALVES        201178              19022020REA000000000000000000000000010698                    00000000000000000000000                    00000027360800000170                     00
3410002300182A00000013301668 000000005029 6RENATO CESAR CORREA           200991              19022020REA000000000000000000000000031814                    00000000000000000000000                    00000026541291000119                     00
3410002300183A00000013301668 000000006064 0L Z BRILHAR ECO PISCINAS EIREL201097              19022020REA000000000000000000000000008753                    00000000000000000000000                    00000023205574000100                     00
3410002300184A00000013301075 000000010148 6ELIEZER MARTINS SONANIOTTO    201288              19022020REA000000000000000000000000008867                    00000000000000000000000                    00000027868442000100                     00
3410002300185A00000013301075 000000028644 3PATRICIA MARIA SALVADOR ME    201155              19022020REA000000000000000000000000018312                    00000000000000000000000                    00000033546377000108                     00
3410002300186A00000023700023 000000253043 0ODA JAPANESE FOOD RESTAURANTE 201260              19022020REA000000000000000000000001057016                    00000000000000000000000                    00000017276511000133                     00
3410002300187A00000013301075 000000029178 1SELIO JOSE DAS NEVES          201130              19022020REA000000000000000000000000005738                    00000000000000000000000                    00000032886702000100                     00
3410002300188A00000013301620 000000014915 2RA COMERCIO DE MEDICAMENTOS   201131              19022020REA000000000000000000000000073044                    00000000000000000000000                    00000003783356000137                     00
3410002300189A00000013301003 000000014831 8NILVA MARLI FIORESE SAGGIORATT201247              19022020REA000000000000000000000000022889                    00000000000000000000000                    00000009025741000100                     00
3410002300190A00000013301062 000000015112 2SOLANGI VITORETI BARANOSWKI   200978              19022020REA000000000000000000000000045885                    00000000000000000000000                    00000034320260000166                     00
3410002300191A00000000103570 000000025601 3SOUVIE COMERCIO INDUSTRIA IMPO201107              19022020REA000000000000000000000000344253                    00000000000000000000000                    00000012226852000180                     00
3410002300192A00000013301009 000000003356 1EVERSON CHIOCHETA E CIA       200987              19022020REA000000000000000000000000033801                    00000000000000000000000                    00000004203553000100                     00
3410002300193A00000013301610 000000006217 0ANTONIO BITENCOURT MATIAS     201074              19022020REA000000000000000000000000024010                    00000000000000000000000                    00000000064701875953                     00
3410002300194A00000013301058 000000006576 5ROSANGELA APARECIDA COREA PINT201217              19022020REA000000000000000000000000002529                    00000000000000000000000                    00000012950165000103                     00
3410002300195A00000013301009 000000009154 5VERA LUCIA CARNEIRO GUEDES    201245              19022020REA000000000000000000000000002304                    00000000000000000000000                    00000034489472000171                     00
3410002300196A00000013301009 000000006374 6CELLA E SILVA                 201281              19022020REA000000000000000000000000053689                    00000000000000000000000                    00000028091229000106                     00
3410002300197A00000013301075 000000029523 0ONE ACADEMIA DE CONDICIONAMENT200999              19022020REA000000000000000000000000024702                    00000000000000000000000                    00000018556009000149                     00
3410002300198A00000000104992 000000012185 1ASSOCIACAO MISSIONARIA ASSEMBL201038              19022020REA000000000000000000000000009611                    00000000000000000000000                    00000028952444000146                     00
3410002300199A00000013301075 000000029453 5JACKSON VEICULOS              201218              19022020REA000000000000000000000000060000                    00000000000000000000000                    00000027450702000123                     00
3410002300200A00000013301062 000000005191 8GEVERSON BERGAMO              201197              19022020REA000000000000000000000000017987                    00000000000000000000000                    00000000008428513996                     00
3410002300201A00000013301003 000000015024 0ELIZANDRA DA SILVA            201179              19022020REA000000000000000000000000061464                    00000000000000000000000                    00000000003294406916                     00
3410002300202A00000013301075 000000029483 7JAIR MANOEL DA SILVEIRA       201211              19022020REA000000000000000000000000008023                    00000000000000000000000                    00000000069069158949                     00
3410002300203A00000075603167 000000001325 0MARCIANA CUSTODIO DOS SANTOS  201237              19022020REA000000000000000000000000010855                    00000000000000000000000                    00000015049654000187                     00
3410002300204A00000013301033 000000014211 5S APOLINARIO OLIBONI E CIA    201098              19022020REA000000000000000000000000001848                    00000000000000000000000                    00000032743597000150                     00
3410002300205A00000013301609 000000027693 6MERCADO FERNANDES E SOUZA     201070              19022020REA000000000000000000000000030494                    00000000000000000000000                    00000029062121000140                     00
3410002300206A00000023701918 000000017151 4NATALIA PEREIRA FERNANDES 3988201028              19022020REA000000000000000000000000060350                    00000000000000000000000                    00000034589412000120                     00
3410002300207A00000013301075 000000021964 9COMERCIO DE MALHAS AMANDA     201186              19022020REA000000000000000000000000024522                    00000000000000000000000                    00000080421738000161                     00
3410002300208A00000013301009 000000009182 0ZANETTI E SCHWADE             201046              19022020REA000000000000000000000000033840                    00000000000000000000000                    00000001228198000128                     00
3410002300209A00000013301584 000000007716 0ANDREZA FRANCA CRESPI         201295              19022020REA000000000000000000000000009725                    00000000000000000000000                    00000000010672903970                     00
3410002300210A00000075603256 000000002823 1RODRIGO LUCAS DANTAS          201222              19022020REA000000000000000000000000058786                    00000000000000000000000                    00000027789955000126                     00
3410002300211A00000013301003 000000015266 8MARCIA DE FATIMA CALGAROTTO CO201293              19022020REA000000000000000000000000089699                    00000000000000000000000                    00000010283209000163                     00
3410002300212A00000023706326 000000006804 7JOSE ALBERTO MARTINS NOVAIS BA200974              19022020REA000000000000000000000000127295                    00000000000000000000000                    00000026758357000127                     00
3410002300213A00000003303554 000013000683 0BELLA PETROPOLIS PADARIA E CON201061              19022020REA000000000000000000000002014907                    00000000000000000000000                    00000006949388000158                     00
3410002300214A00000013301075 000000010126 5MARIA DE SENA LOPES           201228              19022020REA000000000000000000000000004765                    00000000000000000000000                    00000000091584469900                     00
3410002300215A00000000104206 000000017204 9CENTRO MEDICO DE RIBEIRAO PRET201121              19022020REA000000000000000000000000015784                    00000000000000000000000                    00000056014871000119                     00
3410002300216A00000013301075 000000029265 6DANTAS SAMARY COMERCIO AGRICOL201150              19022020REA000000000000000000000000158319                    00000000000000000000000                    00000010275685000132                     00
3410002300217A00000013301003 000000009906 6JB MATERIAIS ELETRICOS LTDA ME201006              19022020REA000000000000000000000000202971                    00000000000000000000000                    00000001965594000138                     00
3410002300218A00000010404053 000000002535 0NELMA MORAIS DE AZEVEDO       201223              19022020REA000000000000000000000000050782                    00000000000000000000000                    00000000618825000174                     00
3410002300219A00000023703395 000000233786 0PRIME TOUR AGENCIA DE VIAGENS 201126              19022020REA000000000000000000000000008287                    00000000000000000000000                    00000055132906000151                     00
3410002300220A00000013301075 000000029717 8GUSTAVO GOULART SILVEIRA      201182              19022020REA000000000000000000000000009701                    00000000000000000000000                    00000029519703000102                     00
3410002300221A00000074800333 000000075909 0LORI PEDRO SARTURI CASAROTTO  201081              19022020REA000000000000000000000000009429                    00000000000000000000000                    00000010732588000121                     00
3410002300222A00000010400749 000000000693 6JOSE ALVES FILHO CONSTRUCAO   201156              19022020REA000000000000000000000000006524                    00000000000000000000000                    00000010842709000198                     00
3410002300223A00000013301003 000000015308 7ANTONIO CARLOS DOS SANTOS O CO201026              19022020REA000000000000000000000000020555                    00000000000000000000000                    00000013239007000102                     00
3410002300224A00000008900006 000000502498 6YAVINI NOBREGA CANO 4848057981200967              19022020REA000000000000000000000000066650                    00000000000000000000000                    00000034833639000170                     00
3410002300225A00000013301009 000000006368 1FATIMA CATARINA BASSO         201241              19022020REA000000000000000000000000030000                    00000000000000000000000                    00000000037078437934                     00
3410002300226A00000013301075 000000029655 4LANCHONETE CLAUDETE LTDA      201162              19022020REA000000000000000000000000116212                    00000000000000000000000                    00000033145407000166                     00
3410002300227A00000003301229 000013000644 8LA NOTRE COUSINE LTDA         201027              19022020REA000000000000000000000000032499                    00000000000000000000000                    00000021675847000146                     00
3410002300228A00000013301075 000000029765 8MARILETE PAUL STEIN           201017              19022020REA000000000000000000000000004279                    00000000000000000000000                    00000019959471000150                     00
3410002300229A00000023702621 000000030652 5HIGIENOPOLIS ROTISSERIE E CONE201034              19022020REA000000000000000000000000844401                    00000000000000000000000                    00000011579530000152                     00
3410002300230A00000010403868 000003000308 8BATERIAS S N LTDA             201192              19022020REA000000000000000000000000075475                    00000000000000000000000                    00000007861844000176                     00
3410002300231A00000013301078 000000029762 3SIDNEI DE OLIVEIRA LEAL       201224              19022020REA000000000000000000000000013858                    00000000000000000000000                    00000000084299576934                     00
3410002300232A00000013301075 000000029741 0LUIZ FERNANDO RONCALIO        201265              19022020REA000000000000000000000000022821                    00000000000000000000000                    00000078877073000153                     00
3410002300233A00000013301003 000000006193 0MARCIA RAITZ                  201165              19022020REA000000000000000000000000002261                    00000000000000000000000                    00000030697554000150                     00
3410002300234A00000013301009 000000005768 1KREMER E KUNTZ LTDA           201198              19022020REA000000000000000000000000091519                    00000000000000000000000                    00000002910574000122                     00
3410002300235A00000013301581 000000029825 5GILBERTO SMANIOTI             201085              19022020REA000000000000000000000000007385                    00000000000000000000000                    00000000003222482993                     00
3410002300236A00000013301009 000000009242 8ALCEU DUARTE                  201094              19022020REA000000000000000000000000002918                    00000000000000000000000                    00000017704896000192                     00
3410002300237A00000013301003 000000015140 8DIANE PILONETTO               201105              19022020REA000000000000000000000000013750                    00000000000000000000000                    00000028241670000119                     00
3410002300238A00000013301009 000000009284 3ROSANI DE OLIVEIRA            201190              19022020REA000000000000000000000000007780                    00000000000000000000000                    00000034776712000119                     00
3410002300239A00000013301075 000000016034 2MARCIA HINTAMNN KUSTER        201138              19022020REA000000000000000000000000009425                    00000000000000000000000                    00000009157257000126                     00
3410002300240A00000023701992 000000041167 1CONFEITARIA E CONVENIENCIAS DO201283              19022020REA000000000000000000000000328342                    00000000000000000000000                    00000025370152000107                     00
3410002300241A00000013301009 000000009194 4GUARNIERI E GARNIERI LTDA     201083              19022020REA000000000000000000000000070000                    00000000000000000000000                    00000019570611000101                     00
3410002300242A00000013301018 000000015453 9ELLEN BURILLE DE OLIVEIRA     201040              19022020REA000000000000000000000000022522                    00000000000000000000000                    00000034984451000122                     00
3410002300243A00000010400936 000300003212 7KATIA FERNANDA BAPTISTA 049489201010              19022020REA000000000000000000000000051328                    00000000000000000000000                    00000026225230000142                     00
3410002300244A00000075603125 000002130346 0SILVIO CESAR BIAZOTO          201246              19022020REA000000000000000000000000072086                    00000000000000000000000                    00000009330719000165                     00
3410002300245A00000013301075 000000029706 2ALISSON JONATHAN CORDEIRO DA C201181              19022020REA000000000000000000000000001945                    00000000000000000000000                    00000031911206000105                     00
3410002300246A00000013301608 000000028756 3LOURDES SOM E PRESENTES       201099              19022020REA000000000000000000000000025069                    00000000000000000000000                    00000082723750000156                     00
3410002300247A00000013301075 000000012978 0LAURA GOLL                    201256              19022020REA000000000000000000000000012254                    00000000000000000000000                    00000000072814772953                     00
3410002300248A00000013301075 000000027620 0MARILEUSA JANETE LOPES DE SOUZ201117              19022020REA000000000000000000000000023076                    00000000000000000000000                    00000000001548898902                     00
3410002300249A00000013301620 000000006482 3VITORIA LIVRARIA E PAPELARIA L201106              19022020REA000000000000000000000000109252                    00000000000000000000000                    00000019005850000100                     00
3410002300250A00000013301009 000000009322 0FRANCIELE MANICA HOINATZ      201225              19022020REA000000000000000000000000019596                    00000000000000000000000                    00000025355303000158                     00
3410002300251A00000013301009 000000005870 0JOSELEI TRIPPE                201068              19022020REA000000000000000000000000005336                    00000000000000000000000                    00000029344792000101                     00
3410002300252A00000013301003 000000015247 1MITRA DIOCESANA DE PARANAVAI  201276              19022020REA000000000000000000000000005835                    00000000000000000000000                    00000075476796002791                     00
3410002300253A00000023702302 000000004100 9TRADICAO DISTRIBUIDORA DE PERS200996              19022020REA000000000000000000000001619268                    00000000000000000000000                    00000074534819000175                     00
3410002300254A00000013301003 000000015590 0TURCA BRASIL ALIMENTICIOS     201112              19022020REA000000000000000000000000037547                    00000000000000000000000                    00000031330249000199                     00
3410002300255A00000010400037 000100039133 6JANAINA AGOSTINHO DE MELO     201254              19022020REA000000000000000000000000078736                    00000000000000000000000                    00000000001224481461                     00
3410002300256A00000013301075 000000030127 2DAVI HINCKEL                  201035              19022020REA000000000000000000000000003861                    00000000000000000000000                    00000000056410565968                     00
3410002300257A00000013301075 000000009920 1SANTAS SAMARY COMERCIO AGRICOL201118              19022020REA000000000000000000000000029189                    00000000000000000000000                    00000010275685000213                     00
3410002300258A00000013301075 000000006105 0ASSOCIACAO DE PAIS E AMIGOS DO201108              19022020REA000000000000000000000000009680                    00000000000000000000000                    00000080987829000169                     00
3410002300259A00000013301075 000000010472 8MARCIONEI TOMAZELI BAR E MERCE201071              19022020REA000000000000000000000000023629                    00000000000000000000000                    00000076567957000186                     00
3410002300260A00000010404048 000300000693 6MOSAICO COMERCIAL E SERVICOS L201069              19022020REA000000000000000000000000056725                    00000000000000000000000                    00000061051942000193                     00
3410002300261A00000013301075 000000010643 7AGROPECUARIA E COMERCIO GG    201139              19022020REA000000000000000000000000002188                    00000000000000000000000                    00000003766539000144                     00
3410002300262A00000074808043 000000052893 5RAFA CALCADOS LTDA            201272              19022020REA000000000000000000000000178024                    00000000000000000000000                    00000003490162000143                     00
3410002300263A00000013301003 000000008546 4CONSTRULAR MADEIRAS LTDA ME   200952              19022020REA000000000000000000000000001653                    00000000000000000000000                    00000011307952000179                     00
3410002300264A00000013301075 000000030144 2MADALENA HEREK SILVIERO       201053              19022020REA000000000000000000000000020235                    00000000000000000000000                    00000000075835576900                     00
3410002300265A00000023701791 000000018760 7OCTAVIO FERREIRA MARCAL       201029              19022020REA000000000000000000000000008574                    00000000000000000000000                    00000000003358488772                     00
3410002300266A00000013301075 000000030197 3CRISTINA MAIARA K             201057              19022020REA000000000000000000000000047995                    00000000000000000000000                    00000000007432184933                     00
3410002300267A00000013301075 000000003941 1AMANDA VAMBOMMEL              201114              19022020REA000000000000000000000000002745                    00000000000000000000000                    00000000009556347925                     00
3410002300268A00000000101498 000000008037 3JOYALE COMERCIO VAREJISTA DE A201204              19022020REA000000000000000000000000609271                    00000000000000000000000                    00000078872769000197                     00
3410002300269A00000013301009 000000009142 1ORIDES BASSO                  201000              19022020REA000000000000000000000000014588                    00000000000000000000000                    00000030199959000169                     00
3410002300270A00000023700527 000000072300 2ASSOCIACAO RESIDENCIAL VILA DA201142              19022020REA000000000000000000000000236458                    00000000000000000000000                    00000014363673000110                     00
3410002300271A00000000101169 000000024404 0ITALO DO NASCIMENTO FARIAS ME 201084              19022020REA000000000000000000000000006275                    00000000000000000000000                    00000008314279000270                     00
3410002300272A00000013301581 000000023058 8DANUSA ALINE BROGNI           201305              19022020REA000000000000000000000000075223                    00000000000000000000000                    00000000005435845939                     00
3410002300273A00000013301003 000000015774 0EDUARDO JOSE GRANDI           201253              19022020REA000000000000000000000000031676                    00000000000000000000000                    00000027838295000126                     00
3410002300274A00000000103082 000000003108 9TS2 ATIVIDADES FISICAS ESPECIA201012              19022020REA000000000000000000000000346094                    00000000000000000000000                    00000033092250000158                     00
3410002300275A00000013301075 000000013766 9GUIDO FRARE                   201268              19022020REA000000000000000000000000004863                    00000000000000000000000                    00000021727619000172                     00
3410002300276A00000013301075 000000029314 8MARCIANO SYPRIANI             200975              19022020REA000000000000000000000000004425                    00000000000000000000000                    00000022698090000179                     00
3410002300277A00000000107007 000000011524 0MILANI E MACHADO PRODUCOES EIR201278              19022020REA000000000000000000000002109968                    00000000000000000000000                    00000035230279000184                     00
3410002300278A00000013301075 000000029384 9NER LANCHONETE LTDA ME        201312              19022020REA000000000000000000000000049173                    00000000000000000000000                    00000000937030000129                     00
3410002300279A00000000101409 000000024251 9FRANCISCO DAS CHAGAS ABREU CED201002              19022020REA000000000000000000000000141394                    00000000000000000000000                    00000000087373378315                     00
3410002300280A00000013301075 000000004963 8FELISBERTO BESEN              201294              19022020REA000000000000000000000000176023                    00000000000000000000000                    00000000007088477904                     00
3410002300281A00000013301075 000000030354 2MADEIREIRA FAUST EIRELI       201116              19022020REA000000000000000000000000202104                    00000000000000000000000                    00000035481907000102                     00
3410002300282A00000013301075 000000015019 3MARLI WESSLER                 200954              19022020REA000000000000000000000000211616                    00000000000000000000000                    00000000048569844972                     00
3410002300283A00000013301003 000000015838 0MORELO  BAGGIO LTDA           201014              19022020REA000000000000000000000000004361                    00000000000000000000000                    00000084838366000124                     00
3410002300284A00000000103037 000000031360 2THIAGO HENRIQUE FERNANDES MANG201048              19022020REA000000000000000000000000026541                    00000000000000000000000                    00000000004422924141                     00
3410002300285A00000023700444 000000003671 4DIEMERSON RODRIGUES FONSECA   201109              19022020REA000000000000000000000000045237                    00000000000000000000000                    00000020649061000191                     00
3410002300286A00000017400001 000000900000 3SPLENDIDO ALIMENTACAO E SERVIC201104              19022020REA000000000000000000000000025947                    00000000000000000000000                    00000003301938000130                     00
3410002300287A00000013301003 000000014911 0SUELLEN CRISTINE BARBOSA MORTE201214              19022020REA000000000000000000000000012485                    00000000000000000000000                    00000027901754000179                     00
3410002300288A00000000400036 000000013732 2CAMELO COMERCIO DE CEREAIS LTD201208              19022020REA000000000000000000000000026565                    00000000000000000000000                    00000008414759000122                     00
3410002300289A00000000100065 000000045589 XRICARDO CESAR DE MENEZES      201122              19022020REA000000000000000000000000054982                    00000000000000000000000                    00000000007974581824                     00
3410002300290A00000007700001 000003133880 1FARMACIA SAUDE PARA TODOS LTDA201030              19022020REA000000000000000000000000022113                    00000000000000000000000                    00000010294731000221                     00
3410002300291A00000013301075 000000030409 3PATRICIO  PATRICIO PADARIA E C201195              19022020REA000000000000000000000000054916                    00000000000000000000000                    00000017248232000166                     00
3410002300292A00000013301075 000000028470 0ROSEMERI WEINGARTNER          201058              19022020REA000000000000000000000000027505                    00000000000000000000000                    00000019796786000123                     00
3410002300293A00000008500101 000000915620 8GABRIELE ELISA BRUNS LUCHTENBE201220              19022020REA000000000000000000000000037383                    00000000000000000000000                    00000020857994000174                     00
3410002300294A00000010403250 000000000712 1S M LEAL REIS MECANICA PARA VE201149              19022020REA000000000000000000000000067473                    00000000000000000000000                    00000030676516000111                     00
3410002300295A00000023701749 000000008323 2ADRIANO BIRELLO               201024              19022020REA000000000000000000000000194428                    00000000000000000000000                    00000015665809000100                     00
3410002300296A00000000104309 000000016520 4ANTONIO RAIMUNDO DE SOUSA     201013              19022020REA000000000000000000000000087547                    00000000000000000000000                    00000000068456727849                     00
3410002300297A00000010400385 000000139279 8MUNICIPIO DE CAMPO LARGO      201310              19022020REA000000000000000000000000001239                    00000000000000000000000                    00000076105618000188                     00
3410002300298A00000008500101 000000084691 0LAZARO JUNKES                 201059              19022020REA000000000000000000000000002538                    00000000000000000000000                    00000000050653687915                     00
3410002300299A00000075603125 000002130523 4ANTONIO MARCOS DEOLINDO LANZOL201229              19022020REA000000000000000000000000053162                    00000000000000000000000                    00000007674778000125                     00
3410002300300A00000023705246 000000022217 8SANTO SHOW PRODUCOES E EVENTOS201313              19022020REA000000000000000000000000285035                    00000000000000000000000                    00000013928310000112                     00
3410002300301A00000074800718 000000096168 8MERCANTIL BRAIDEL LTDA        201235              19022020REA000000000000000000000000024359                    00000000000000000000000                    00000059755900000191                     00
3410002300302A00000000102199 000000023520 2MATEUS CORDEIRO NUNES         200986              19022020REA000000000000000000000000222989                    00000000000000000000000                    00000000002751509339                     00
3410002300303A00000000102199 000000021647 XALDEMIR OLIVEIRA DA SILVA NETO201269              19022020REA000000000000000000000000221699                    00000000000000000000000                    00000000001429499303                     00
3410002300304A00000010402322 000000001733 1JOSIANE BELGAMO DE CARLO      201215              19022020REA000000000000000000000000043655                    00000000000000000000000                    00000000018102916826                     00
3410002300305A00000010400749 000000001690 7M R N DE SOUZA                201065              19022020REA000000000000000000000000002635                    00000000000000000000000                    00000005355903000109                     00
3410002300306A00000023707736 000000001028 6ESTILO SAO PAULO PAES E DOCES 201154              19022020REA000000000000000000000000431064                    00000000000000000000000                    00000003043105000116                     00
3410002300307A00000013301584 000000016172 1GUSTAVO ITO NIRO              201052              19022020REA000000000000000000000000015622                    00000000000000000000000                    00000000011625060912                     00
3410002300308A00000000104015 000000014909 8CLAUDIA ALINE DA SILVA        200961              19022020REA000000000000000000000000032112                    00000000000000000000000                    00000000036682936869                     00
3410002300309A00000023703090 000000021760 3PAULO JOSE RAMOS MIRANDA      201205              19022020REA000000000000000000000000036125                    00000000000000000000000                    00000005604971000164                     00
34100025         000311000000000034596183000000000000000000                                                                                                                                                                                     
34199999         000002000376                                                                                                                                                                                                                   
