34100000      081222347623000178                    06248 000000045232 5CELER PAGAMENTOS              Itau Unibanco S.A                       12602202000000000000000                                                                           
34100011C9801040 222347623000178                    06248 000000045232 5CELER PAGAMENTOS                                                                                   00000                                   00000000                     
3410001300001A00000034100187 000000013926 6CRZ COMERCIO E REPRESENTACOES 203785              26022020REA000000000000000000000000101384                    00000000000000000000000                    00000047738604000101                     00
34100015         000003000000000000101384000000000000000000                                                                                                                                                                                     
34100021C9841040 222347623000178                    06248 000000045232 5CELER PAGAMENTOS                                                                                   00000                                   00000000                     
3410002300001A00000075604370 000000032990 8PDV365 PRODUCAO E AUTOMACAO DE203772              26022020REA000000000000000000000000106805                    00000000000000000000000                    00000012569291000112                     00
3410002300002A00000008500101 000000732600 9MAGNUM INSTRUMENTOS MUSICAIS L203773              26022020REA000000000000000000000000151646                    00000000000000000000000                    00000082097197000193                     00
3410002300003A00000003303733 000013004404 0AZEVEDO E MENDES SERVICOS ADMI203774              26022020REA000000000000000000000000247252                    00000000000000000000000                    00000024996244000134                     00
3410002300004A00000000106939 000000053750 0ADMINISTRADORA DE CONSULTORIOS203775              26022020REA000000000000000000000000209887                    00000000000000000000000                    00000025966574000140                     00
3410002300005A00000007700001 000002214080 8IDEIA MIDIA GRAFICA DIGITAL  E203776              26022020REA000000000000000000000000105543                    00000000000000000000000                    00000007988078000105                     00
3410002300006A00000010403625 000000000420 1VAL FREIRE ESTETICA EIRELI    203777              26022020REA000000000000000000000000272848                    00000000000000000000000                    00000022147131000139                     00
3410002300007A00000023701849 000000007000 9LEONIDIA ALVES CARDOSO        203778              26022020REA000000000000000000000000205537                    00000000000000000000000                    00000003030434000203                     00
3410002300008A00000013301003 000000004779 1NADIR FRANCISCO PERONDI E CIA 203779              26022020REA000000000000000000000000088638                    00000000000000000000000                    00000004688117000160                     00
3410002300009A00000013301003 000000009793 4TIAGO JUNIOR RESTELATTO MIOLA 203780              26022020REA000000000000000000000000115890                    00000000000000000000000                    00000021767295000104                     00
3410002300010A00000023700023 000000253043 0ODA JAPANESE FOOD RESTAURANTE 203781              26022020REA000000000000000000000000170052                    00000000000000000000000                    00000017276511000133                     00
3410002300011A00000003303554 000013000683 0BELLA PETROPOLIS PADARIA E CON203782              26022020REA000000000000000000000000224547                    00000000000000000000000                    00000006949388000158                     00
3410002300012A00000023702621 000000030652 5HIGIENOPOLIS ROTISSERIE E CONE203783              26022020REA000000000000000000000000128758                    00000000000000000000000                    00000011579530000152                     00
3410002300013A00000023702302 000000004100 9TRADICAO DISTRIBUIDORA DE PERS203784              26022020REA000000000000000000000000123016                    00000000000000000000000                    00000074534819000175                     00
3410002300014A00000000101498 000000008037 3JOYALE COMERCIO VAREJISTA DE A203786              26022020REA000000000000000000000000097274                    00000000000000000000000                    00000078872769000197                     00
3410002300015A00000000107007 000000011524 0MILANI E MACHADO PRODUCOES EIR203787              26022020REA000000000000000000000000969777                    00000000000000000000000                    00000035230279000184                     00
3410002300016A00000023705246 000000022217 8SANTO SHOW PRODUCOES E EVENTOS203788              26022020REA000000000000000000000000172458                    00000000000000000000000                    00000013928310000112                     00
34100025         000018000000000003389928000000000000000000                                                                                                                                                                                     
34199999         000002000023                                                                                                                                                                                                                   
