34100000      081222347623000178                    06248 000000045232 5CELER PAGAMENTOS              Itau Unibanco S.A                       12602202000000000000000                                                                           
34100011C9801040 222347623000178                    06248 000000045232 5CELER PAGAMENTOS                                                                                   00000                                   00000000                     
3410001300001A00000034100059 000000078359 7ADMINISTRADORA DE CARTAO DE TO203790              26022020REA000000000000000000000000065476                    00000000000000000000000                    00000011487917000189                     00
3410001300002A00000034108895 000000036292 2AMORSAUDE CLINICA MEDICA E ODO203791              26022020REA000000000000000000000000070151                    00000000000000000000000                    00000030280982000183                     00
3410001300003A00000034107011 000000008564 9SERGIO JORCELIO DE SA TORRES  203799              26022020REA000000000000000000000000061368                    00000000000000000000000                    00000000038960249149                     00
3410001300004A00000034100002 000000035253 2A  G COSMETICOS LTDA          203800              26022020REA000000000000000000000000073061                    00000000000000000000000                    00000003424849000180                     00
3410001300005A00000034100865 000000013771 5MARCOS ROBERTO FERREIRA BISPO 203805              26022020REA000000000000000000000000070369                    00000000000000000000000                    00000049170780000107                     00
34100015         000007000000000000340425000000000000000000                                                                                                                                                                                     
34100021C9841040 222347623000178                    06248 000000045232 5CELER PAGAMENTOS                                                                                   00000                                   00000000                     
3410002300001A00000008500109 000000044648 3EPR CENTRO AUTOMOTIVO ME LTDA 203789              26022020REA000000000000000000000000098317                    00000000000000000000000                    00000030636108000136                     00
3410002300002A00000075603125 000000632446 0SANTOS  DIOGO LTDA            203792              26022020REA000000000000000000000000071424                    00000000000000000000000                    00000003177943000182                     00
3410002300003A00000023701232 000000024868 1ATENDIMENTO MEDICO E ODONTOLOG203793              26022020REA000000000000000000000000080307                    00000000000000000000000                    00000031132613000106                     00
3410002300004A00000003303749 000013002584 8GREEN GOY NOYORI EIRELI  ME   203794              26022020REA000000000000000000000000068689                    00000000000000000000000                    00000005877577000108                     00
3410002300005A00000010402047 000000304973 1CLINICA MEDICA E ODONTOLOGICA 203795              26022020REA000000000000000000000000079403                    00000000000000000000000                    00000031570751000177                     00
3410002300006A00000003304422 000013001206 1MEDMAX COMERCIO DE EQUIPAMENTO203796              26022020REA000000000000000000000000097010                    00000000000000000000000                    00000007760277000161                     00
3410002300007A00000074800728 000000063824 2JULIANO FRANCISCO DA SILVA ACA203797              26022020REA000000000000000000000000085718                    00000000000000000000000                    00000019204801000105                     00
3410002300008A00000023701536 000000012324 2ATAMIR DIAS MARQUES           203798              26022020REA000000000000000000000000079417                    00000000000000000000000                    00000000001516003179                     00
3410002300009A00000023701563 000000027180 2JR COSMETICOS  E REPRESENTACAO203814              26022020REA000000000000000000000000010868                    00000000000000000000000                    00000019874071000141                     00
3410002300010A00000023701563 000000027180 2JR COSMETICOS  E REPRESENTACAO203812              26022020REA000000000000000000000000013234                    00000000000000000000000                    00000019874071000141                     00
3410002300011A00000023701563 000000027180 2JR COSMETICOS  E REPRESENTACAO203813              26022020REA000000000000000000000000055122                    00000000000000000000000                    00000019874071000141                     00
3410002300012A00000013301075 000000027123 3SICRET RISTOW TESKE           203801              26022020REA000000000000000000000000062222                    00000000000000000000000                    00000001421753000133                     00
3410002300013A00000013301075 000000010280 6MADEIREIRA CALAO              203802              26022020REA000000000000000000000000074698                    00000000000000000000000                    00000017287231000120                     00
3410002300014A00000013301003 000000014675 7JERUSA ALBERTON ASSMANN       203803              26022020REA000000000000000000000000074482                    00000000000000000000000                    00000003893571000190                     00
3410002300015A00000013301003 000000009546 0FAVERO E BORTOLIN FISIOTERAPIA203804              26022020REA000000000000000000000000064267                    00000000000000000000000                    00000032415298000197                     00
3410002300016A00000013301620 000000014915 2RA COMERCIO DE MEDICAMENTOS   203806              26022020REA000000000000000000000000064291                    00000000000000000000000                    00000003783356000137                     00
3410002300017A00000000103570 000000025601 3SOUVIE COMERCIO INDUSTRIA IMPO203807              26022020REA000000000000000000000000073870                    00000000000000000000000                    00000012226852000180                     00
3410002300018A00000013301075 000000029655 4LANCHONETE CLAUDETE LTDA      203808              26022020REA000000000000000000000000071579                    00000000000000000000000                    00000033145407000166                     00
3410002300019A00000023701992 000000041167 1CONFEITARIA E CONVENIENCIAS DO203809              26022020REA000000000000000000000000079119                    00000000000000000000000                    00000025370152000107                     00
3410002300020A00000074808043 000000052893 5RAFA CALCADOS LTDA            203810              26022020REA000000000000000000000000061989                    00000000000000000000000                    00000003490162000143                     00
3410002300021A00000010403250 000000000712 1S M LEAL REIS MECANICA PARA VE203811              26022020REA000000000000000000000000067473                    00000000000000000000000                    00000030676516000111                     00
34100025         000023000000000001433499000000000000000000                                                                                                                                                                                     
34199999         000002000032                                                                                                                                                                                                                   
