34100000      081222347623000178                    06248 000000045232 5CELER PAGAMENTOS              Itau Unibanco S.A                       12602202000000000000000                                                                           
34100011C9801040 222347623000178                    06248 000000045232 5CELER PAGAMENTOS                                                                                   00000                                   00000000                     
3410001300001A00000034100059 000000078359 7ADMINISTRADORA DE CARTAO DE TO203608              26022020REA000000000000000000000000024013                    00000000000000000000000                    00000011487917000189                     DV
3410001300002A00000034108895 000000036292 2AMORSAUDE CLINICA MEDICA E ODO203586              26022020REA000000000000000000000000022443                    00000000000000000000000                    00000030280982000183                     DV
3410001300003A00000034100445 000000075637 2SINGULAR CONSULTORIA EM VIAGEN203609              26022020REA000000000000000000000000037097                    00000000000000000000000                    00000029685986000162                     DV
3410001300004A00000034107063 000000011769 6MIL HORAS VIAGENS E TURISMO LT203684              26022020REA000000000000000000000000030545                    00000000000000000000000                    00000058088535000146                     DV
3410001300005A00000034100360 000000008748 0FAMILY TOURS SAO PAULO VIAGENS203629              26022020REA000000000000000000000000021299                    00000000000000000000000                    00000006711842000138                     DV
3410001300006A00000034100393 000000044460 9TEAM TRAVEL AGENCIA DE VIAGENS203613              26022020REA000000000000000000000000083032                    00000000000000000000000                    00000000165202000193                     DV
3410001300007A00000034106238 000000065656 2TOGETHER AGENCIA DE VIAGENS E 203610              26022020REA000000000000000000000000144292                    00000000000000000000000                    00000007678652000129                     DV
3410001300008A0000003419170  00000005854  0J3 VIAGENS E TURISMO LTDA ME  203651              26022020REA000000000000000000000000024910                    00000000000000000000000                    00000022807477000116                     DV
3410001300009A00000034109643 000000001241 3PATRICK SEMAAN                203619              26022020REA000000000000000000000000090691                    00000000000000000000000                    00000020600790000153                     DV
3410001300010A00000034104807 000000019605 2RB TOUR AGENCIA DE VIAGENS E T203618              26022020REA000000000000000000000000020629                    00000000000000000000000                    00000008538734000130                     DV
3410001300011A00000034100066 000000004343 1HOSPITAL SANTA PAULA          203627              26022020REA000000000000000000000000083670                    00000000000000000000000                    00000060777901000116                     DV
3410001300012A00000034109173 000000005032 0APARECIDO LUCIANO CASTAGNA ME 203644              26022020REA000000000000000000000000034847                    00000000000000000000000                    00000007503635000150                     DV
3410001300013A00000034103754 000000044102 4DAVI COSTA MEDEIROS CONSULTORI203631              26022020REA000000000000000000000000063550                    00000000000000000000000                    00000021387467000106                     DV
3410001300014A00000034107011 000000008564 9SERGIO JORCELIO DE SA TORRES  203578              26022020REA000000000000000000000000035359                    00000000000000000000000                    00000000038960249149                     DV
3410001300015A00000034100002 000000035253 2ALEXANDRE RAMOS               203657              26022020REA000000000000000000000000043373                    00000000000000000000000                    00000003424849000180                     DV
3410001300016A00000034100792 000000063933 8EDUSA INDUSTRIAL DE ACOS LTDA 203622              26022020REA000000000000000000000000027562                    00000000000000000000000                    00000067565093000172                     DV
3410001300017A00000034100406 000000006049 1ALLOR COMERCIO E DISTRIBUICAO 203690              26022020REA000000000000000000000000004830                    00000000000000000000000                    00000000952818000104                     DV
3410001300018A00000034100002 000000035253 2ALLOR COMERCIO E DISTRIBUICAO 203665              26022020REA000000000000000000000000032651                    00000000000000000000000                    00000003424849000180                     DV
3410001300019A00000034100002 000000035253 2COMMIL COMERCIO E SERVICOS LTD203588              26022020REA000000000000000000000000046513                    00000000000000000000000                    00000003424849000180                     00
3410001300020A00000034100865 000000013771 5MARCOS ROBERTO FERREIRA BISPO 203640              26022020REA000000000000000000000000081360                    00000000000000000000000                    00000049170780000107                     00
3410001300021A00000034103788 000000058820 4TANJI E DARCIE LTDA           203591              26022020REA000000000000000000000000073026                    00000000000000000000000                    00000017084440000177                     00
3410001300022A00000034100002 000000035253 2LOOK S COMESTICOS LTDA        203668              26022020REA000000000000000000000000105623                    00000000000000000000000                    00000003424849000180                     00
3410001300023A00000034100187 000000013926 6CRZ COMERCIO E REPRESENTACOES 203654              26022020REA000000000000000000000000189866                    00000000000000000000000                    00000047738604000101                     00
3410001300024A00000034104285 000000011799 2DIEGO LEITE DE BARROS ASSESSOR203666              26022020REA000000000000000000000000020509                    00000000000000000000000                    00000011316118000140                     00
34100015         000026000000000001341690000000000000000000                                                                                                                                                                                     
34100021C9841040 222347623000178                    06248 000000045232 5CELER PAGAMENTOS                                                                                   00000                                   00000000                     
3410002300001A00000023703157 000000034696 9DIEGO GARCIA DA SILVA         203584              26022020REA000000000000000000000000058681                    00000000000000000000000                    00000009354049000117                     00
3410002300002A00000008500109 000000044648 3EPR CENTRO AUTOMOTIVO ME LTDA 203637              26022020REA000000000000000000000000074684                    00000000000000000000000                    00000030636108000136                     00
3410002300003A00000023700600 000000024244 6TABARATO INDUSTRIA E COMERCIO 203659              26022020REA000000000000000000000000024040                    00000000000000000000000                    00000017059837000109                     00
3410002300004A00000023701232 000000024820 7ADMINISTRADORA DE CARTAO DE DE203677              26022020REA000000000000000000000000033278                    00000000000000000000000                    00000031284933000181                     00
3410002300005A00000075604370 000000032990 8PDV365 PRODUCAO E AUTOMACAO DE203600              26022020REA000000000000000000000000442963                    00000000000000000000000                    00000012569291000112                     00
3410002300006A00000026000001 000071128234 0RENATO LOPES DE PAULA         203582              26022020REA000000000000000000000000021179                    00000000000000000000000                    00000000002942683163                     00
3410002300007A00000008500101 000000732600 9MAGNUM INSTRUMENTOS MUSICAIS L203683              26022020REA000000000000000000000000145433                    00000000000000000000000                    00000082097197000193                     00
3410002300008A00000010404557 000000000878 2ADMINISTRADORA DE CARTAO DE TO203633              26022020REA000000000000000000000000005632                    00000000000000000000000                    00000025341175000193                     00
3410002300009A00000010404557 000300000878 2ADMINISTRADORA DE CARTAO DE TO203688              26022020REA000000000000000000000000018643                    00000000000000000000000                    00000025341175000193                     00
3410002300010A00000003300083 000013007492 1CENTRAL DE NEGOCIOS AGENCIA DE203645              26022020REA000000000000000000000000500495                    00000000000000000000000                    00000004885275000100                     00
3410002300011A00000023703061 000000013470 8LIMATUR CONGRESSOS E EVENTOS L203632              26022020REA000000000000000000000000089361                    00000000000000000000000                    00000022528147000191                     00
3410002300012A00000023700095 000000148486 9ALTERNATUR AGENCIA DE VIAGENS 203648              26022020REA000000000000000000000000121421                    00000000000000000000000                    00000058645359000104                     DV
3410002300013A0000002370128  00000004256  0GRAN VIAGGI TURISMO LTDA ME   203617              26022020REA000000000000000000000000037094                    00000000000000000000000                    00000069288967000117                     DV
3410002300014A00000023701789 000000043251 2CONTINENTTRAVEL  AGENCIA DE VI203660              26022020REA000000000000000000000000024730                    00000000000000000000000                    00000017714146000100                     DV
3410002300015A00000010400815 0 0000100048 8CARLOS HENRIQUE QUEIROGA AMARA203643              26022020REA000000000000000000000000175725                    00000000000000000000000                    00000000023212926600                     DV
3410002300016A00000003300386 000013002741 3DANIELLA MARX LEVY SASSI 10649203656              26022020REA000000000000000000000000028315                    00000000000000000000000                    00000023539884000152                     DV
3410002300017A00000003303733 000013003898 0CARTAO DE DESCONTOS           203614              26022020REA000000000000000000000000050157                    00000000000000000000000                    00000025135387000114                     DV
3410002300018A00000075603125 000000632446 0SANTOS  DIOGO LTDA            203626              26022020REA000000000000000000000000059078                    00000000000000000000000                    00000003177943000182                     DV
3410002300019A00000075603125 000000631809 6ANSELMO ACETI INFORMATICA  ME 203605              26022020REA000000000000000000000000037697                    00000000000000000000000                    00000004322177000165                     DV
3410002300020A00000000100781 000000018701 1ADEMIR APARECIDO CONSTANTINO M203589              26022020REA000000000000000000000000039983                    00000000000000000000000                    00000004162718000135                     DV
3410002300021A00000023701232 000000024868 1ATENDIMENTO MEDICO E ODONTOLOG203641              26022020REA000000000000000000000000074100                    00000000000000000000000                    00000031132613000106                     DV
3410002300022A00000023700223 000000211185 3SUELI APARECIDA PORPHIRIO FERN203624              26022020REA000000000000000000000000031606                    00000000000000000000000                    00000008075662000132                     DV
3410002300023A00000003303733 000013004404 0AZEVEDO E MENDES SERVICOS ADMI203620              26022020REA000000000000000000000000132304                    00000000000000000000000                    00000024996244000134                     DV
3410002300024A00000042200043 000000581000 6FLORESTE E SUPRIMENTO FLORESTA203689              26022020REA000000000000000000000000055376                    00000000000000000000000                    00000008140158000179                     DV
3410002300025A00000023700023 000000253043 0JOAO H BOTELHO GENNARI RESTAUR203642              26022020REA000000000000000000000000094799                    00000000000000000000000                    00000017276511000133                     DV
3410002300026A00000003304501 000013002428 2CEMA CENTRO MEDICO E ODONTOLOG203676              26022020REA000000000000000000000000054606                    00000000000000000000000                    00000010576511000100                     DV
3410002300027A00000000106939 000000053750 0ADMINISTRADORA DE CONSULTORIOS203667              26022020REA000000000000000000000000129856                    00000000000000000000000                    00000025966574000140                     DV
3410002300028A00000003303749 000013002584 8GREEN GOY NOYORI EIRELI  ME   203681              26022020REA000000000000000000000000055024                    00000000000000000000000                    00000005877577000108                     DV
3410002300029A00000010402047 000000304973 1CLINICA MEDICA E ODONTOLOGICA 203592              26022020REA000000000000000000000000083855                    00000000000000000000000                    00000031570751000177                     DV
3410002300030A00000008900001 000000003797 4NAIR DA SILVA MUNIZ 1728733782203615              26022020REA000000000000000000000000051796                    00000000000000000000000                    00000029549230000196                     DV
3410002300031A00000003304422 000013001206 1MEDMAX COMERCIO DE EQUIPAMENTO203663              26022020REA000000000000000000000000185473                    00000000000000000000000                    00000007760277000161                     DV
3410002300032A00000074800728 000000063824 2JULIANO FRANCISCO DA SILVA ACA203662              26022020REA000000000000000000000000020140                    00000000000000000000000                    00000019204801000105                     DV
3410002300033A00000000100165 000000037203 0REGIANE ZACCHEU CARMINATI     203638              26022020REA000000000000000000000000033603                    00000000000000000000000                    00000032467627000143                     DV
3410002300034A00000003301268 000013001326 1TERRAS GOIANAS CLINICA MEDICA 203602              26022020REA000000000000000000000000066896                    00000000000000000000000                    00000028796557000108                     DV
3410002300035A00000023701536 000000012324 2ATAMIR DIAS MARQUES           203596              26022020REA000000000000000000000000045422                    00000000000000000000000                    00000000001516003179                     DV
3410002300036A00000010400283 000000003246 2CLINICA MEDICA E ODONTOLOGICA 203636              26022020REA000000000000000000000000026634                    00000000000000000000000                    00000032283114000182                     DV
3410002300037A00000007700001 000002214080 8IDEIA MIDIA GRAFICA DIGITAL  E203587              26022020REA000000000000000000000000029366                    00000000000000000000000                    00000007988078000105                     DV
3410002300038A00000000101409 000000028674 5VEXNET TELECON INFORMATICA LTD203603              26022020REA000000000000000000000000057800                    00000000000000000000000                    00000011500145000178                     DV
3410002300039A00000013301075 000000009280 0ALEXANDRE PEDRO DA ROSA       203625              26022020REA000000000000000000000000081021                    00000000000000000000000                    00000027060549000128                     DV
3410002300040A00000013301608 000000006806 3ELISANDRO COELHO              203686              26022020REA000000000000000000000000038340                    00000000000000000000000                    00000012246661000180                     DV
3410002300041A00000013301608 000000009668 7MARCIEL WIETCOVSKI            203593              26022020REA000000000000000000000000232093                    00000000000000000000000                    00000022380543000114                     DV
3410002300042A00000013301075 000000009739 0PAULA CAROLINA DA SILVA MEI   203607              26022020REA000000000000000000000000034621                    00000000000000000000000                    00000028678665000178                     DV
3410002300043A00000010403625 000000000420 1VAL FREIRE ESTETICA EIRELI    203611              26022020REA000000000000000000000000199184                    00000000000000000000000                    00000022147131000139                     DV
3410002300044A00000023701849 000000007000 9LEONIDIA ALVES CARDOSO        203669              26022020REA000000000000000000000000513923                    00000000000000000000000                    00000003030434000203                     DV
3410002300045A00000023705474 000000004421 0ESPACO TAMAREIRA POUSADA E EVE203581              26022020REA000000000000000000000000090567                    00000000000000000000000                    00000029121579000122                     DV
3410002300046A00000013301003 000000014380 4DAIANE TOMAZETTO BERNARDI     203685              26022020REA000000000000000000000000038772                    00000000000000000000000                    00000028893656000108                     DV
3410002300047A00000013301003 000000004779 1NADIR FRANCISCO PERONDI E CIA 203599              26022020REA000000000000000000000000069460                    00000000000000000000000                    00000004688117000160                     DV
3410002300048A00000023701563 000000027180 2JR COSMETICOS  E REPRESENTACAO203691              26022020REA000000000000000000000000010964                    00000000000000000000000                    00000019874071000141                     DV
3410002300049A00000023701563 000000027180 2JR COSMETICOS  E REPRESENTACAO203693              26022020REA000000000000000000000000011051                    00000000000000000000000                    00000019874071000141                     DV
3410002300050A00000023701563 000000027180 2JR COSMETICOS  E REPRESENTACAO203692              26022020REA000000000000000000000000116308                    00000000000000000000000                    00000019874071000141                     DV
3410002300051A00000003303208 000001083899 5DAFNE DA COSTA ALMEIDA        203674              26022020REA000000000000000000000000020232                    00000000000000000000000                    00000000031082357880                     DV
3410002300052A00000013301075 000000010179 6FREITAS MATERIAIS DE CONSTRUCA203594              26022020REA000000000000000000000000067113                    00000000000000000000000                    00000009356757000197                     DV
3410002300053A00000013301075 000000014943 8NILTON POMMERENING            203655              26022020REA000000000000000000000000037014                    00000000000000000000000                    00000000068523238972                     DV
3410002300054A00000013301075 000000026360 5LEANDRO FERREIRA GUINCHO ME   203583              26022020REA000000000000000000000000029175                    00000000000000000000000                    00000012633409000124                     DV
3410002300055A00000010400749 000000000834 3P W F T GUEDES PROMOCOES      203580              26022020REA000000000000000000000000045698                    00000000000000000000000                    00000004893646000104                     DV
3410002300056A00000013301003 000000009793 4TIAGO JUNIOR RESTELATTO MIOLA 203628              26022020REA000000000000000000000000040930                    00000000000000000000000                    00000021767295000104                     DV
3410002300057A00000023702831 000000032144 3LL ANDRIANI                   203650              26022020REA000000000000000000000000050000                    00000000000000000000000                    00000012662553000199                     DV
3410002300058A00000026000001 000071128234 0RENATO LOPES DE PAULA         203670              26022020REA000000000000000000000000059092                    00000000000000000000000                    00000000002942683163                     DV
3410002300059A00000013301003 000000014242 5CM COMERCIO DE PECAS IMPLEMENT203679              26022020REA000000000000000000000000029574                    00000000000000000000000                    00000007043675000167                     DV
3410002300060A00000013301003 000000004069 0R E CONFECCOES LTDA ME        203661              26022020REA000000000000000000000000052211                    00000000000000000000000                    00000019802468000128                     DV
3410002300061A00000013301075 000000007971 5JULIA BORBA ROCHA ME          203682              26022020REA000000000000000000000000049604                    00000000000000000000000                    00000014775306000124                     DV
3410002300062A00000013301003 000000009546 0FAVERO E BORTOLIN FISIOTERAPIA203647              26022020REA000000000000000000000000024718                    00000000000000000000000                    00000032415298000197                     DV
3410002300063A00000023700023 000000253043 0ODA JAPANESE FOOD RESTAURANTE 203671              26022020REA000000000000000000000000123271                    00000000000000000000000                    00000017276511000133                     DV
3410002300064A00000000103570 000000025601 3SOUVIE COMERCIO INDUSTRIA IMPO203621              26022020REA000000000000000000000000053289                    00000000000000000000000                    00000012226852000180                     DV
3410002300065A00000013301009 000000009182 0ZANETTI E SCHWADE             203606              26022020REA000000000000000000000000026814                    00000000000000000000000                    00000001228198000128                     DV
3410002300066A00000075603256 000000002823 1RODRIGO LUCAS DANTAS          203658              26022020REA000000000000000000000000024225                    00000000000000000000000                    00000027789955000126                     DV
3410002300067A00000023706326 000000006804 7JOSE ALBERTO MARTINS NOVAIS BA203585              26022020REA000000000000000000000000023596                    00000000000000000000000                    00000026758357000127                     DV
3410002300068A00000003303554 000013000683 0BELLA PETROPOLIS PADARIA E CON203612              26022020REA000000000000000000000000612345                    00000000000000000000000                    00000006949388000158                     DV
3410002300069A00000013301075 000000029265 6DANTAS SAMARY COMERCIO AGRICOL203634              26022020REA000000000000000000000000031273                    00000000000000000000000                    00000010275685000132                     DV
3410002300070A00000013301075 000000029655 4LANCHONETE CLAUDETE LTDA      203639              26022020REA000000000000000000000000021055                    00000000000000000000000                    00000033145407000166                     DV
3410002300071A00000023702621 000000030652 5HIGIENOPOLIS ROTISSERIE E CONE203604              26022020REA000000000000000000000000321531                    00000000000000000000000                    00000011579530000152                     DV
3410002300072A00000010403868 000003000308 8BATERIAS S N LTDA             203646              26022020REA000000000000000000000000051175                    00000000000000000000000                    00000007861844000176                     DV
3410002300073A00000013301075 000000029741 0LUIZ FERNANDO RONCALIO        203672              26022020REA000000000000000000000000022821                    00000000000000000000000                    00000078877073000153                     DV
3410002300074A00000013301009 000000005768 1KREMER E KUNTZ LTDA           203649              26022020REA000000000000000000000000020987                    00000000000000000000000                    00000002910574000122                     DV
3410002300075A00000023701992 000000041167 1CONFEITARIA E CONVENIENCIAS DO203680              26022020REA000000000000000000000000027483                    00000000000000000000000                    00000025370152000107                     DV
3410002300076A00000075603125 000002130346 0SILVIO CESAR BIAZOTO          203664              26022020REA000000000000000000000000028583                    00000000000000000000000                    00000009330719000165                     DV
3410002300077A00000023702302 000000004100 9TRADICAO DISTRIBUIDORA DE PERS203595              26022020REA000000000000000000000000792039                    00000000000000000000000                    00000074534819000175                     DV
3410002300078A00000010404048 000300000693 6MOSAICO COMERCIAL E SERVICOS L203616              26022020REA000000000000000000000000027921                    00000000000000000000000                    00000061051942000193                     DV
3410002300079A00000074808043 000000052893 5RAFA CALCADOS LTDA            203675              26022020REA000000000000000000000000055642                    00000000000000000000000                    00000003490162000143                     DV
3410002300080A00000000101498 000000008037 3JOYALE COMERCIO VAREJISTA DE A203652              26022020REA000000000000000000000000342498                    00000000000000000000000                    00000078872769000197                     DV
3410002300081A00000023700527 000000072300 2ASSOCIACAO RESIDENCIAL VILA DA203630              26022020REA000000000000000000000000060092                    00000000000000000000000                    00000014363673000110                     DV
3410002300082A00000000103082 000000003108 9TS2 ATIVIDADES FISICAS ESPECIA203597              26022020REA000000000000000000000000138681                    00000000000000000000000                    00000033092250000158                     DV
3410002300083A00000000107007 000000011524 0MILANI E MACHADO PRODUCOES EIR203678              26022020REA000000000000000000000000544226                    00000000000000000000000                    00000035230279000184                     DV
3410002300084A00000013301075 000000030354 2MADEIREIRA FAUST EIRELI       203623              26022020REA000000000000000000000000202104                    00000000000000000000000                    00000035481907000102                     DV
3410002300085A00000013301075 000000015019 3MARLI WESSLER                 203579              26022020REA000000000000000000000000211616                    00000000000000000000000                    00000000048569844972                     DV
3410002300086A00000023701749 000000008323 2ADRIANO BIRELLO               203601              26022020REA000000000000000000000000070816                    00000000000000000000000                    00000015665809000100                     DV
3410002300087A00000000104309 000000016520 4ANTONIO RAIMUNDO DE SOUSA     203598              26022020REA000000000000000000000000022200                    00000000000000000000000                    00000000068456727849                     DV
3410002300088A00000023705246 000000022217 8SANTO SHOW PRODUCOES E EVENTOS203687              26022020REA000000000000000000000000095810                    00000000000000000000000                    00000013928310000112                     DV
3410002300089A00000000102199 000000023520 2MATEUS CORDEIRO NUNES         203590              26022020REA000000000000000000000000049094                    00000000000000000000000                    00000000002751509339                     00
3410002300090A00000000102199 000000021647 XALDEMIR OLIVEIRA DA SILVA NETO203673              26022020REA000000000000000000000000036700                    00000000000000000000000                    00000000001429499303                     00
3410002300091A00000023707736 000000001028 6ESTILO SAO PAULO PAES E DOCES 203635              26022020REA000000000000000000000000157965                    00000000000000000000000                    00000003043105000116                     00
3410002300092A00000023703090 000000021760 3PAULO JOSE RAMOS MIRANDA      203653              26022020REA000000000000000000000000036125                    00000000000000000000000                    00000005604971000164                     00
34100025         000094000000000009390887000000000000000000                                                                                                                                                                                     
34199999         000002000122                                                                                                                                                                                                                   
