34100000      081222347623000178                    06248 000000045232 5CELER PAGAMENTOS              Itau Unibanco S.A                       11402202000000000000000                                                                           
34100011C9801040 222347623000178                    06248 000000045232 5CELER PAGAMENTOS                                                                                   00000                                   00000000                     
3410001300001A00000034100059 000000078359 7ADMINISTRADORA DE CARTAO DE TO196920              14022020REA000000000000000000000000014381                    00000000000000000000000                    00000011487917000189                     00
3410001300002A00000034102746 000000025961 9MARIA APARECIDA LAURINDA DA SI196952              14022020REA000000000000000000000000034656                    00000000000000000000000                    00000020959355000110                     00
3410001300003A00000034108895 000000036292 2AMORSAUDE CLINICA MEDICA E ODO196904              14022020REA000000000000000000000000013559                    00000000000000000000000                    00000030280982000183                     00
3410001300004A00000034100445 000000075637 2SINGULAR CONSULTORIA EM VIAGEN196921              14022020REA000000000000000000000000243400                    00000000000000000000000                    00000029685986000162                     00
3410001300005A00000034108729 000000023207 7CASSIA AGENCIA DE PASSAGENS E 196909              14022020REA000000000000000000000000049476                    00000000000000000000000                    00000058022013000141                     00
3410001300006A00000034100646 000000050180 9ANITA FISCHER AGENCIA DE VIAGE196969              14022020REA000000000000000000000000032453                    00000000000000000000000                    00000005394337000144                     00
3410001300007A00000034108857 000000012607 5AGENCIA JORGE DE TURISMO E PAS196899              14022020REA000000000000000000000000057594                    00000000000000000000000                    00000061489399000100                     00
3410001300008A000000341 0001 000000015562 0AQUIVIAGENS OPERADORA TURISTIC196933              14022020REA000000000000000000000000083469                    00000000000000000000000                    00000096243761000143                     00
3410001300009A00000034100215 000000042080 3MARMORARIA TARDOC LTDA ME     196905              14022020REA000000000000000000000000010374                    00000000000000000000000                    00000002968921000178                     00
3410001300010A00000034100066 000000004343 1HOSPITAL SANTA PAULA          196934              14022020REA000000000000000000000000031052                    00000000000000000000000                    00000060777901000116                     00
3410001300011A00000034109103 000000023501 7MARLI OLIVEIRA ROCHA          196907              14022020REA000000000000000000000000081642                    00000000000000000000000                    00000000026730619830                     00
3410001300012A00000034109379 000000019699 2MIGUEL GIOVANNI RUCHEL        196938              14022020REA000000000000000000000000029908                    00000000000000000000000                    00000000059688971987                     00
3410001300013A00000034108895 000000036284 9AMORSAUDE BETIM CLINICA MEDICA196931              14022020REA000000000000000000000000013087                    00000000000000000000000                    00000030280982000183                     00
3410001300014A00000034109173 000000005032 0APARECIDO LUCIANO CASTAGNA ME 196946              14022020REA000000000000000000000000004680                    00000000000000000000000                    00000007503635000150                     00
3410001300015A00000034103754 000000044102 4DAVI COSTA MEDEIROS CONSULTORI196937              14022020REA000000000000000000000000179219                    00000000000000000000000                    00000021387467000106                     00
3410001300016A00000034100002 000000035253 2THIAGO MOREIRA ANDRE          196962              14022020REA000000000000000000000000027769                    00000000000000000000000                    00000003424849000180                     00
3410001300017A00000034100002 000000035253 2TALITA CANDIDO NAKAMURA 377290196947              14022020REA000000000000000000000000007986                    00000000000000000000000                    00000003424849000180                     00
3410001300018A00000034100002 000000035253 2ALEXANDRE RAMOS               196955              14022020REA000000000000000000000000018676                    00000000000000000000000                    00000003424849000180                     00
3410001300019A00000034100002 000000035253 2A  G COSMETICOS LTDA          196942              14022020REA000000000000000000000000044082                    00000000000000000000000                    00000003424849000180                     00
3410001300020A00000034100002 000000035253 2COMMIL COMERCIO E SERVICOS LTD196908              14022020REA000000000000000000000000031975                    00000000000000000000000                    00000003424849000180                     00
3410001300021A00000034107957 000000028895 9JACKSON FERREIRA DA SILVA     196953              14022020REA000000000000000000000000001953                    00000000000000000000000                    00000000001530354129                     00
3410001300022A00000034100002 000000035253 2DIEGO RICARDO ZAGO  COSMETICOS196915              14022020REA000000000000000000000000019302                    00000000000000000000000                    00000003424849000180                     00
3410001300023A00000034100002 000000035253 2COMERCIAL DE COSMETICOS BELEZA196918              14022020REA000000000000000000000000008314                    00000000000000000000000                    00000003424849000180                     00
3410001300024A00000034100002 000000035253 2JR COSMETICOS  E REPRESENTACAO196936              14022020REA000000000000000000000000030888                    00000000000000000000000                    00000003424849000180                     00
3410001300025A00000034100002 000000035253 2NETWORK BEAUTY  FASHION COSMET196967              14022020REA000000000000000000000000090963                    00000000000000000000000                    00000003424849000180                     00
3410001300026A00000034108015 000000004423 6AARAN INDUSTRIA E COMERCIO DE 196954              14022020REA000000000000000000000000011082                    00000000000000000000000                    00000000229392000165                     00
3410001300027A00000034103005 000000003318 2EDIVALDO RODRIGUES DOS SANTOS 196901              14022020REA000000000000000000000000033954                    00000000000000000000000                    00000000014483706802                     00
3410001300028A00000034101644 000000062360 3V F DOS SANTOS COMERCIO DE MOV196971              14022020REA000000000000000000000000079768                    00000000000000000000000                    00000012258816000107                     00
3410001300029A00000034106286 000000013508 9CARLOS AUGUSTO MOURA CAVALCANT196961              14022020REA000000000000000000000000023921                    00000000000000000000000                    00000000067081444768                     00
3410001300030A00000034100865 000000013771 5MARCOS ROBERTO FERREIRA BISPO 196944              14022020REA000000000000000000000000062097                    00000000000000000000000                    00000049170780000107                     00
3410001300031A00000034100077 000000040096 8J DOS SANTOS PEREIRA  MODAS   196948              14022020REA000000000000000000000000010227                    00000000000000000000000                    00000026995735000196                     00
3410001300032A00000034108557 000000007408 8KELI CRISTINA ARGERI          196902              14022020REA000000000000000000000000022797                    00000000000000000000000                    00000000030928994821                     00
3410001300033A00000034103788 000000058820 4TANJI E DARCIE LTDA           196910              14022020REA000000000000000000000000092029                    00000000000000000000000                    00000017084440000177                     00
3410001300034A00000034102974 000000035415 7ROSEMERY DOS SANTOS REGO COSME196912              14022020REA000000000000000000000000029879                    00000000000000000000000                    00000021415909000180                     00
3410001300035A00000034100002 000000035253 2DRUMOND  NEGRO COMERCIO DE COS196919              14022020REA000000000000000000000000014400                    00000000000000000000000                    00000003424849000504                     00
3410001300036A00000034100002 000000035253 2LOOK S COMESTICOS LTDA        196959              14022020REA000000000000000000000000024845                    00000000000000000000000                    00000003424849000180                     00
3410001300037A00000034108036 000000011339 0JAIME GUILHERMINO DE SOUZA    196923              14022020REA000000000000000000000000007298                    00000000000000000000000                    00000000013865140807                     00
3410001300038A00000034100187 000000013926 6CRZ COMERCIO E REPRESENTACOES 196950              14022020REA000000000000000000000000450669                    00000000000000000000000                    00000047738604000101                     00
3410001300039A00000034104285 000000011799 2DIEGO LEITE DE BARROS ASSESSOR196958              14022020REA000000000000000000000000040393                    00000000000000000000000                    00000011316118000140                     00
3410001300040A00000034108217 000000019647 9RAQUEL FARIA SABIONI 277042048196932              14022020REA000000000000000000000000004849                    00000000000000000000000                    00000034178383000104                     00
3410001300041A00000034104414 000000049059 1JUCINALDO SOUZA ROLIM         196940              14022020REA000000000000000000000000014276                    00000000000000000000000                    00000000097188840334                     00
3410001300042A00000034108031 000000031681 6ANDRE LUIZ HERMENEGILDO ESTAN 196917              14022020REA000000000000000000000000002759                    00000000000000000000000                    00000000029038808836                     00
3410001300043A00000034109656 000000006611 6LEONARDO ALCANTARA DE CARVALHO196913              14022020REA000000000000000000000000047955                    00000000000000000000000                    00000000083486089315                     00
3410001300044A00000034100002 000000035253 2KAIROS DISTRIBUIDORA DE COSMET196939              14022020REA000000000000000000000000010505                    00000000000000000000000                    00000003424849000504                     00
3410001300045A00000034108297 000000008904 0MARKOBRAS AMBIENTAL EIRELI    196924              14022020REA000000000000000000000000024970                    00000000000000000000000                    00000001860710000154                     00
3410001300046A00000034100874 000000008614 3A H ROMEIRO  MATERIAL DE CONST196906              14022020REA000000000000000000000000005122                    00000000000000000000000                    00000009369666000196                     00
3410001300047A00000034100718 000000003545 4GUNA BARBOSA GUIMARAES        196930              14022020REA000000000000000000000000010593                    00000000000000000000000                    00000000019244963809                     00
3410001300048A00000034104086 000000006811 3AKIKO FUJII                   196898              14022020REA000000000000000000000000047530                    00000000000000000000000                    00000000015430322814                     00
3410001300049A00000034107474 000000030853 8JONATA ELESBAO DE SOUZA       196929              14022020REA000000000000000000000000004070                    00000000000000000000000                    00000000013689906490                     00
3410001300050A00000034100233 000000034955 4MICHELE APARECIDA MARQUES BISP196914              14022020REA000000000000000000000000001456                    00000000000000000000000                    00000000008035424963                     00
3410001300051A00000034103879 000000006744 9ALINE DA CUNHA BONFIM         196927              14022020REA000000000000000000000000003924                    00000000000000000000000                    00000000007931934946                     00
3410001300052A00000034100372 000000087961 9LUCRECIA RAFAELA PEREIRA DA SI196951              14022020REA000000000000000000000000031060                    00000000000000000000000                    00000000001814356401                     00
3410001300053A00000034107221 000000029428 8JEU BATISTA DA COSTA 004392192196943              14022020REA000000000000000000000000002332                    00000000000000000000000                    00000035464758000165                     00
34100015         000055000000000002275618000000000000000000                                                                                                                                                                                     
34100021C9841040 222347623000178                    06248 000000045232 5CELER PAGAMENTOS                                                                                   00000                                   00000000                     
3410002300001A00000003304442 000013000418 5CARTAO DE DESCONTO TERRA DOS B196970              14022020REA000000000000000000000000005263                    00000000000000000000000                    00000011051024000196                     00
3410002300002A00000023703157 000000034696 9DIEGO GARCIA DA SILVA         196903              14022020REA000000000000000000000000004844                    00000000000000000000000                    00000009354049000117                     00
3410002300003A00000023701232 000000024820 7ADMINISTRADORA DE CARTAO DE DE196965              14022020REA000000000000000000000000002307                    00000000000000000000000                    00000031284933000181                     00
3410002300004A00000008500101 000000732600 9MAGNUM INSTRUMENTOS MUSICAIS L196968              14022020REA000000000000000000000000019593                    00000000000000000000000                    00000082097197000193                     00
3410002300005A00000023701232 000000024868 1ATENDIMENTO MEDICO E ODONTOLOG196945              14022020REA000000000000000000000000004850                    00000000000000000000000                    00000031132613000106                     00
3410002300006A00000003304501 000013002428 2CEMA CENTRO MEDICO E ODONTOLOG196963              14022020REA000000000000000000000000043030                    00000000000000000000000                    00000010576511000100                     00
3410002300007A00000010402047 000000304973 1CLINICA MEDICA E ODONTOLOGICA 196911              14022020REA000000000000000000000000010976                    00000000000000000000000                    00000031570751000177                     00
3410002300008A00000000101498 000000008037 3PEDRO DELLA GIUSTINA SOUZA    196925              14022020REA000000000000000000000000064940                    00000000000000000000000                    00000078872769000197                     00
3410002300009A00000023702886 000000010142 7LRM ACESSORIOS SERVICOS A L ME196941              14022020REA000000000000000000000000037746                    00000000000000000000000                    00000001342545000149                     00
3410002300010A00000074800728 000000063824 2JULIANO FRANCISCO DA SILVA ACA196956              14022020REA000000000000000000000000040280                    00000000000000000000000                    00000019204801000105                     00
3410002300011A00000010400118 000000003397 5TERRAS GOIANAS CLINICA MEDICA 196964              14022020REA000000000000000000000000009443                    00000000000000000000000                    00000028796557000108                     00
3410002300012A00000003304422 000013001705 9MARIMAX COMERCIO E IMPORTACAO 196935              14022020REA000000000000000000000000095109                    00000000000000000000000                    00000020339865000194                     00
3410002300013A00000010400749 000000000834 3P W F T GUEDES PROMOCOES      196900              14022020REA000000000000000000000000030080                    00000000000000000000000                    00000004893646000104                     00
3410002300014A00000013301075 000000022862 1TED MARYNUS CONFECCOES LTDA   196972              14022020REA000000000000000000000000008713                    00000000000000000000000                    00000082855537000106                     00
3410002300015A00000026000001 000071128234 0RENATO LOPES DE PAULA         196960              14022020REA000000000000000000000000044289                    00000000000000000000000                    00000000002942683163                     00
3410002300016A00000008900003 000000201990 6TIAGO HENRIQUE MENGALI        196926              14022020REA000000000000000000000000038640                    00000000000000000000000                    00000012149895000100                     00
3410002300017A00000013301003 000000009546 0FAVERO E BORTOLIN FISIOTERAPIA196949              14022020REA000000000000000000000000027716                    00000000000000000000000                    00000032415298000197                     00
3410002300018A00000023700393 000000070245 5ADALBERTO AMEROSIN            196957              14022020REA000000000000000000000000022323                    00000000000000000000000                    00000000014987059878                     00
3410002300019A00000000107114 000000013705 7MARCOS VINICIUS LOPES DE PAULA196916              14022020REA000000000000000000000000052314                    00000000000000000000000                    00000000000674059166                     00
3410002300020A00000023701945 000000003283 2MERCURIO VIAGENS E TURISMO LTD196922              14022020REA000000000000000000000000028802                    00000000000000000000000                    00000007375508000113                     00
3410002300021A00000013301003 000000015140 8DIANE PILONETTO               196928              14022020REA000000000000000000000000009372                    00000000000000000000000                    00000028241670000119                     00
3410002300022A00000074800704 000000002316 7SUNON RETAIL SOLUCOES SUSTENTA196966              14022020REA000000000000000000000000024388                    00000000000000000000000                    00000021724854000190                     00
34100025         000024000000000000625018000000000000000000                                                                                                                                                                                     
34199999         000002000081                                                                                                                                                                                                                   
