34100000      081222347623000178                    06248 000000045232 5CELER PAGAMENTOS              Itau Unibanco S.A                       11202202000000000000000                                                                           
34100011C9801040 222347623000178                    06248 000000045232 5CELER PAGAMENTOS                                                                                   00000                                   00000000                     
3410001300001A00000034100364 000000035059 5MARCIO FERNANDO PEDROSA VERAS 194113              12022020REA000000000000000000000000082177                    00000000000000000000000                    00000000002298215456                     00
3410001300002A00000034107957 000000028895 9JACKSON FERREIRA DA SILVA     194134              12022020REA000000000000000000000000002043                    00000000000000000000000                    00000000001530354129                     00
3410001300003A00000034100690 000000025726 6ANTONIO DONIZET DA SILVA      194109              12022020REA000000000000000000000000016201                    00000000000000000000000                    00000000074621629891                     00
3410001300004A00000034108557 000000007408 8KELI CRISTINA ARGERI          194110              12022020REA000000000000000000000000047766                    00000000000000000000000                    00000000030928994821                     00
3410001300005A00000034108144 000000015471 6RENATA DE JESUS DA SILVA ALENC194114              12022020REA000000000000000000000000001281                    00000000000000000000000                    00000000005750862380                     00
3410001300006A00000034102776 000000043218 5MARCOS VINICIUS DOS SANTOS    194146              12022020REA000000000000000000000000003250                    00000000000000000000000                    00000000010814530958                     00
3410001300007A00000034103879 000000006744 9ALINE DA CUNHA BONFIM         194125              12022020REA000000000000000000000000030850                    00000000000000000000000                    00000000007931934946                     00
3410001300008A00000034102910 000000044925 1ERIC RIBEIRO DA CRUZ          194117              12022020REA000000000000000000000000046960                    00000000000000000000000                    00000000006240594997                     00
3410001300009A00000034107376 000000026866 5ROBERTO PEREIRA DE ARAUJO     194130              12022020REA000000000000000000000000038057                    00000000000000000000000                    00000000027599035400                     00
3410001300010A00000034103156 000000043178 9LUIS FERNANDO RIBEIRO DE AZEVE194147              12022020REA000000000000000000000000007848                    00000000000000000000000                    00000000012349602656                     00
3410001300011A00000034106247 000000028894 4GUILHERME RAFAEL DA SILVA NASC194139              12022020REA000000000000000000000000139990                    00000000000000000000000                    00000000009022968413                     00
34100015         000013000000000000416423000000000000000000                                                                                                                                                                                     
34100021C9841040 222347623000178                    06248 000000045232 5CELER PAGAMENTOS                                                                                   00000                                   00000000                     
3410002300001A00000023701893 000000012616 0ROSIMEIRE ALVES DE ALMEIDA    194143              12022020REA000000000000000000000000016437                    00000000000000000000000                    00000000092081673649                     00
3410002300002A00000000100467 000000014512 2JOSE MIGUEL DE SOUZA          194140              12022020REA000000000000000000000000005749                    00000000000000000000000                    00000000093817592949                     00
3410002300003A00000023700702 000001007528 9GEURILANDE DE LIMA RABELO     194131              12022020REA000000000000000000000000004530                    00000000000000000000000                    00000000002137935392                     00
3410002300004A00000000102925 000000012982 8ANDERSON FELIPE SARAIVA MACHAD194137              12022020REA000000000000000000000000035472                    00000000000000000000000                    00000000002236721307                     00
3410002300005A00000000102912 000000043945 2RAIMUNDO LIMA DE ARAUJO NETO  194144              12022020REA000000000000000000000000006643                    00000000000000000000000                    00000000086820320310                     00
3410002300006A00000007000024 000024025105 9GUSTAVO BRITO DA SILVA        194124              12022020REA000000000000000000000000034310                    00000000000000000000000                    00000000093222955115                     00
3410002300007A00000000103565 000000032449 3FRANCISCO LOPES DE MESQUITA JU194135              12022020REA000000000000000000000000016963                    00000000000000000000000                    00000000005448622364                     00
3410002300008A00000000100645 000000061654 0LEONARDO FERREIRA APARICIO NUN194119              12022020REA000000000000000000000000005857                    00000000000000000000000                    00000000010908748981                     00
3410002300009A00000000103477 000000010884 7MIRIAM MACHADO                194132              12022020REA000000000000000000000000016685                    00000000000000000000000                    00000000075298864368                     00
3410002300010A00000023701749 000000004844 5MILENA DE FATIMA BARBIERI ORTI194111              12022020REA000000000000000000000000072470                    00000000000000000000000                    00000000029621300894                     00
3410002300011A00000023700536 000000025039 2DENISE GONCALVES PEREIRA DA SI194122              12022020REA000000000000000000000000013345                    00000000000000000000000                    00000000033050978848                     00
3410002300012A00000023701849 000000010569 4INGRID CRISTINI FRANCO        194121              12022020REA000000000000000000000000007811                    00000000000000000000000                    00000000006435281130                     00
3410002300013A00000000101724 000000008044 6PAULO RANGEL DA COSTA SANTOS  194126              12022020REA000000000000000000000000001942                    00000000000000000000000                    00000000004077127556                     00
3410002300014A00000000103165 000000007861 1DJALMA DA COSTA PEREIRA NETO  194142              12022020REA000000000000000000000000001961                    00000000000000000000000                    00000000004873907411                     00
3410002300015A00000000102812 000000044528 2THIAGO DA SILVA LIMA FERREIRA 194116              12022020REA000000000000000000000000014783                    00000000000000000000000                    00000000002833127340                     00
3410002300016A00000000103037 000000025347 2MARIA DAS DORES ARAUJO DE SOUZ194136              12022020REA000000000000000000000000002959                    00000000000000000000000                    00000000001918019177                     00
3410002300017A00000000101421 000000005460 7ELISANDRA KELLI RODRIGUES ALVE194145              12022020REA000000000000000000000000017658                    00000000000000000000000                    00000000000042683424                     00
3410002300018A00000000101774 000000021393 4DANIELLE OSORIO DA FONSECA    194141              12022020REA000000000000000000000000012001                    00000000000000000000000                    00000000096498404515                     00
3410002300019A00000023703134 000001016681 0SHIRLEY RAMOS SANTANA         194120              12022020REA000000000000000000000000006699                    00000000000000000000000                    00000000024876896844                     00
3410002300020A00000000101218 000000027014 8AUCILEIA SUASSUNA LIMA        194127              12022020REA000000000000000000000000049726                    00000000000000000000000                    00000000003568794616                     00
3410002300021A00000023700724 000001002938 4FRANCISCO SALUSTIANO CASTRO   194123              12022020REA000000000000000000000000004652                    00000000000000000000000                    00000000071503307700                     00
3410002300022A00000000101774 000000028398 3LAIZE MONIELE RODRIGUES SANTOS194138              12022020REA000000000000000000000000005833                    00000000000000000000000                    00000000001297861523                     00
3410002300023A00000023703142 000001002457 9GLAUCIA MIRIAM BEZERRA FORTES 194133              12022020REA000000000000000000000000007480                    00000000000000000000000                    00000000040443701253                     00
3410002300024A00000000100057 000000133039 XROGERIO FLAVIO PAGGIORO       194112              12022020REA000000000000000000000000145788                    00000000000000000000000                    00000000007164264805                     00
3410002300025A00000023700631 000001002900 7LUIZA HELENA DA SILVEIRA SOUSA194128              12022020REA000000000000000000000000006224                    00000000000000000000000                    00000000054463750334                     00
3410002300026A00000023701015 000001003228 8RICARDO DE LIMA DOMINGUINHOS  194115              12022020REA000000000000000000000000022254                    00000000000000000000000                    00000000022222563801                     00
3410002300027A00000000105898 000000010337 3MARIA JOSELICA DE MIRANDA BORB194118              12022020REA000000000000000000000000002667                    00000000000000000000000                    00000000007541651400                     00
3410002300028A00000000102795 000000030527 8CLEBER RIBEIRO DA SILVA       194129              12022020REA000000000000000000000000007790                    00000000000000000000000                    00000000002068705745                     00
34100025         000030000000000000546689000000000000000000                                                                                                                                                                                     
34199999         000002000045                                                                                                                                                                                                                   
