34100000      081222347623000178                    06248 000000045232 5CELER PAGAMENTOS              Itau Unibanco S.A                       12702202000000000000000                                                                           
34100011C9801040 222347623000178                    06248 000000045232 5CELER PAGAMENTOS                                                                                   00000                                   00000000                     
3410001300001A00000034100059 000000078359 7ADMINISTRADORA DE CARTAO DE TO204246              27022020REA000000000000000000000000026062                    00000000000000000000000                    00000011487917000189                     00
3410001300002A00000034108895 000000036292 2AMORSAUDE CLINICA MEDICA E ODO204202              27022020REA000000000000000000000000106874                    00000000000000000000000                    00000030280982000183                     00
3410001300003A00000034100215 000000042080 3MARMORARIA TARDOC LTDA ME     204203              27022020REA000000000000000000000000010036                    00000000000000000000000                    00000002968921000178                     00
3410001300004A00000034100066 000000004343 1HOSPITAL SANTA PAULA          204286              27022020REA000000000000000000000000097759                    00000000000000000000000                    00000060777901000116                     00
3410001300005A00000034108895 000000036284 9AMORSAUDE BETIM CLINICA MEDICA204276              27022020REA000000000000000000000000038543                    00000000000000000000000                    00000030280982000183                     00
3410001300006A00000034109173 000000005032 0APARECIDO LUCIANO CASTAGNA ME 204310              27022020REA000000000000000000000000002843                    00000000000000000000000                    00000007503635000150                     00
3410001300007A00000034100215 000000033511 8BONFIM E SOUZA COMERCIO DE MAT204190              27022020REA000000000000000000000000023788                    00000000000000000000000                    00000006310047000138                     00
3410001300008A00000034107011 000000008564 9SERGIO JORCELIO DE SA TORRES  204187              27022020REA000000000000000000000000005775                    00000000000000000000000                    00000000038960249149                     00
3410001300009A00000034100002 000000035253 2THIAGO MOREIRA ANDRE          204362              27022020REA000000000000000000000000027112                    00000000000000000000000                    00000003424849000180                     00
3410001300010A00000034100002 000000035253 2LUCAS FERREIRA MAGALHAES      204387              27022020REA000000000000000000000000029945                    00000000000000000000000                    00000003424849000180                     00
3410001300011A00000034100002 000000035253 2ALEXANDRE RAMOS               204335              27022020REA000000000000000000000000006440                    00000000000000000000000                    00000003424849000180                     00
3410001300012A00000034100002 000000035253 2CLEBER PEDROSO VIANA 383094848204261              27022020REA000000000000000000000000028143                    00000000000000000000000                    00000003424849000180                     00
3410001300013A00000034100002 000000035253 2MICHELLE PEREIRA RAPINI 216315204290              27022020REA000000000000000000000000017646                    00000000000000000000000                    00000003424849000180                     00
3410001300014A00000034100002 000000035253 2NETWORK BEAUTY  FASHION COSMET204371              27022020REA000000000000000000000000011661                    00000000000000000000000                    00000003424849000180                     00
3410001300015A00000034108015 000000004423 6AARAN INDUSTRIA E COMERCIO DE 204334              27022020REA000000000000000000000000037280                    00000000000000000000000                    00000000229392000165                     00
3410001300016A00000034101644 000000062360 3V F DOS SANTOS COMERCIO DE MOV204389              27022020REA000000000000000000000000081286                    00000000000000000000000                    00000012258816000107                     00
3410001300017A00000034100865 000000013771 5MARCOS ROBERTO FERREIRA BISPO 204306              27022020REA000000000000000000000000056208                    00000000000000000000000                    00000049170780000107                     00
3410001300018A00000034100077 000000040096 8J DOS SANTOS PEREIRA  MODAS   204322              27022020REA000000000000000000000000008766                    00000000000000000000000                    00000026995735000196                     00
3410001300019A00000034103010 000000003587 5PARTISANS PUB BAR LTDA        204283              27022020REA000000000000000000000000009688                    00000000000000000000000                    00000014147047000197                     00
3410001300020A00000034103788 000000058820 4TANJI E DARCIE LTDA           204209              27022020REA000000000000000000000000034050                    00000000000000000000000                    00000017084440000177                     00
3410001300021A00000034100002 000000035253 2LILIAN REGINA GOMES PASSAGNO D204219              27022020REA000000000000000000000000041538                    00000000000000000000000                    00000005694739000164                     00
3410001300022A00000034100002 000000035253 2LOOK S COMESTICOS LTDA        204356              27022020REA000000000000000000000000026802                    00000000000000000000000                    00000003424849000180                     00
3410001300023A00000034100187 000000013926 6CRZ COMERCIO E REPRESENTACOES 204330              27022020REA000000000000000000000000013861                    00000000000000000000000                    00000047738604000101                     00
3410001300024A00000034104285 000000011799 2DIEGO LEITE DE BARROS ASSESSOR204351              27022020REA000000000000000000000000048985                    00000000000000000000000                    00000011316118000140                     00
34100015         000026000000000000791091000000000000000000                                                                                                                                                                                     
34100021C9841040 222347623000178                    06248 000000045232 5CELER PAGAMENTOS                                                                                   00000                                   00000000                     
3410002300001A00000003304442 000013000418 5CARTAO DE DESCONTO TERRA DOS B204386              27022020REA000000000000000000000000002116                    00000000000000000000000                    00000011051024000196                     00
3410002300002A00000023703157 000000034696 9DIEGO GARCIA DA SILVA         204198              27022020REA000000000000000000000000042182                    00000000000000000000000                    00000009354049000117                     00
3410002300003A00000008500109 000000044648 3EPR CENTRO AUTOMOTIVO ME LTDA 204302              27022020REA000000000000000000000000036165                    00000000000000000000000                    00000030636108000136                     00
3410002300004A00000023701232 000000024820 7ADMINISTRADORA DE CARTAO DE DE204369              27022020REA000000000000000000000000023645                    00000000000000000000000                    00000031284933000181                     00
3410002300005A00000075604370 000000032990 8PDV365 PRODUCAO E AUTOMACAO DE204226              27022020REA000000000000000000000000158061                    00000000000000000000000                    00000012569291000112                     00
3410002300006A00000000101218 000000014405 3RAIMUNDO ISAIAS MONTEIRO PINTO204305              27022020REA000000000000000000000000003589                    00000000000000000000000                    00000000062422260306                     00
3410002300007A00000008500101 000000732600 9MAGNUM INSTRUMENTOS MUSICAIS L204379              27022020REA000000000000000000000000193381                    00000000000000000000000                    00000082097197000193                     00
3410002300008A00000010400898 000000002712 8ADMINISTRADORA DE SERVICOS DE 204228              27022020REA000000000000000000000000007477                    00000000000000000000000                    00000030676872000135                     00
3410002300009A00000008500101 000000679040 2SALVA MED EMERGENCIAS MEDICAS 204274              27022020REA000000000000000000000000015928                    00000000000000000000000                    00000004094517000148                     00
3410002300010A00000000106864 000000012148 7W WANDER MARTINS ME           204308              27022020REA000000000000000000000000001934                    00000000000000000000000                    00000017626932000147                     00
3410002300011A00000010404557 000300000878 2ADMINISTRADORA DE CARTAO DE TO204395              27022020REA000000000000000000000000005632                    00000000000000000000000                    00000025341175000193                     00
3410002300012A00000010404557 000000000878 2ADMINISTRADORA DE CARTAO DE TO204291              27022020REA000000000000000000000000011953                    00000000000000000000000                    00000025341175000193                     00
3410002300013A00000010400917 000000005066 0ADMINISTRADORA DE CARTAO DE DE204328              27022020REA000000000000000000000000012138                    00000000000000000000000                    00000031407148000179                     00
3410002300014A00000023702297 000000116826 6M VERMELHO PRODUTOS ALIMENTICI204268              27022020REA000000000000000000000000014180                    00000000000000000000000                    00000059456723000142                     00
3410002300015A00000003303733 000013003898 0CARTAO DE DESCONTOS           204253              27022020REA000000000000000000000000031373                    00000000000000000000000                    00000025135387000114                     00
3410002300016A00000075603125 000000632446 0SANTOS  DIOGO LTDA            204284              27022020REA000000000000000000000000025731                    00000000000000000000000                    00000003177943000182                     00
3410002300017A00000075603125 000000631809 6ANSELMO ACETI INFORMATICA  ME 204242              27022020REA000000000000000000000000040330                    00000000000000000000000                    00000004322177000165                     00
3410002300018A00000023700218 000000018737 2JANE KELLY CARNEIRO DA SILVA  204375              27022020REA000000000000000000000000017118                    00000000000000000000000                    00000017601199000106                     00
3410002300019A00000000100781 000000018701 1ADEMIR APARECIDO CONSTANTINO M204206              27022020REA000000000000000000000000057076                    00000000000000000000000                    00000004162718000135                     00
3410002300020A00000000102502 000000046291 8VICOSO ESTACIONAMENTO LTDA    204384              27022020REA000000000000000000000000030461                    00000000000000000000000                    00000007799557000183                     00
3410002300021A00000010401045 000000003062 0ARACAJU ADMINISTRACAO DE CARTA204346              27022020REA000000000000000000000000058736                    00000000000000000000000                    00000031747596000111                     00
3410002300022A00000023701232 000000024868 1ATENDIMENTO MEDICO E ODONTOLOG204307              27022020REA000000000000000000000000133851                    00000000000000000000000                    00000031132613000106                     00
3410002300023A00000023700223 000000211185 3SUELI APARECIDA PORPHIRIO FERN204281              27022020REA000000000000000000000000012613                    00000000000000000000000                    00000008075662000132                     00
3410002300024A00000003300722 000013001412 3INSTITUTO FRANCANO DE GASTRONO204278              27022020REA000000000000000000000000013553                    00000000000000000000000                    00000027481398000181                     00
3410002300025A00000003303733 000013004404 0AZEVEDO E MENDES SERVICOS ADMI204270              27022020REA000000000000000000000000234425                    00000000000000000000000                    00000024996244000134                     00
3410002300026A00000010404292 000000000487 6SONHO DE CRIANCA CONFECCAO INF204262              27022020REA000000000000000000000000014274                    00000000000000000000000                    00000022704478000135                     00
3410002300027A00000042200043 000000581000 6FLORESTE E SUPRIMENTO FLORESTA204396              27022020REA000000000000000000000000011658                    00000000000000000000000                    00000008140158000179                     00
3410002300028A00000000102936 000000048939 5LABORATORIO CREATIVE SOLUCOES 204294              27022020REA000000000000000000000000062940                    00000000000000000000000                    00000026114551000170                     00
3410002300029A00000023700023 000000253043 0JOAO H BOTELHO GENNARI RESTAUR204309              27022020REA000000000000000000000000057827                    00000000000000000000000                    00000017276511000133                     00
3410002300030A00000008900004 000000300525 3JORGE HENRIQUE MICHEL  CIA LTD204339              27022020REA000000000000000000000000007782                    00000000000000000000000                    00000057820698000109                     00
3410002300031A00000003304501 000013002428 2CEMA CENTRO MEDICO E ODONTOLOG204366              27022020REA000000000000000000000000004818                    00000000000000000000000                    00000010576511000100                     00
3410002300032A00000000106939 000000053750 0ADMINISTRADORA DE CONSULTORIOS204355              27022020REA000000000000000000000000136543                    00000000000000000000000                    00000025966574000140                     00
3410002300033A00000003303749 000013002584 8GREEN GOY NOYORI EIRELI  ME   204373              27022020REA000000000000000000000000083829                    00000000000000000000000                    00000005877577000108                     00
3410002300034A00000010402047 000000304973 1CLINICA MEDICA E ODONTOLOGICA 204210              27022020REA000000000000000000000000100703                    00000000000000000000000                    00000031570751000177                     00
3410002300035A00000010401461 000000001628 9BRIZOLA R SETTE E MARIA DO CAR204204              27022020REA000000000000000000000000006729                    00000000000000000000000                    00000030914197000135                     00
3410002300036A00000000100095 000000028910 8FF INDUSTRIA DE ALIMENTOS LTDA204277              27022020REA000000000000000000000000006588                    00000000000000000000000                    00000020169895000280                     00
3410002300037A00000000101498 000000008037 3PEDRO DELLA GIUSTINA SOUZA    204264              27022020REA000000000000000000000000030733                    00000000000000000000000                    00000078872769000197                     00
3410002300038A00000023702886 000000023605 5LRM ACESSORIOS SERVICOS A L ME204397              27022020REA000000000000000000000000024353                    00000000000000000000000                    00000001342545000149                     00
3410002300039A00000008900001 000000003797 4NAIR DA SILVA MUNIZ 1728733782204254              27022020REA000000000000000000000000063469                    00000000000000000000000                    00000029549230000196                     00
3410002300040A00000000100165 000000037203 0REGIANE ZACCHEU CARMINATI     204303              27022020REA000000000000000000000000025686                    00000000000000000000000                    00000032467627000143                     00
3410002300041A00000010401651 000000019490 2CARTAO DE TODOS PETROPOLIS LTD204266              27022020REA000000000000000000000000009040                    00000000000000000000000                    00000013584247000144                     00
3410002300042A00000023700997 000000030470 0REJANE CLAUDINO MELO          204289              27022020REA000000000000000000000000006338                    00000000000000000000000                    00000000084356030320                     00
3410002300043A00000003301268 000013001326 1TERRAS GOIANAS CLINICA MEDICA 204235              27022020REA000000000000000000000000069820                    00000000000000000000000                    00000028796557000108                     00
3410002300044A00000010400118 000000003397 5TERRAS GOIANAS CLINICA MEDICA 204367              27022020REA000000000000000000000000030459                    00000000000000000000000                    00000028796557000108                     00
3410002300045A00000023701536 000000012324 2ATAMIR DIAS MARQUES           204220              27022020REA000000000000000000000000008109                    00000000000000000000000                    00000000001516003179                     00
3410002300046A00000010400283 000000003246 2CLINICA MEDICA E ODONTOLOGICA 204300              27022020REA000000000000000000000000028358                    00000000000000000000000                    00000032283114000182                     00
3410002300047A00000023701849 000000008908 7KELVIN HENRY COUTINHO BITTENCO204260              27022020REA000000000000000000000000006396                    00000000000000000000000                    00000000004748649100                     00
3410002300048A00000000100063 000000005933 1CENTRO DE ENDOCRINOLOGIA E MET204189              27022020REA000000000000000000000000015576                    00000000000000000000000                    00000035439728001090                     00
3410002300049A00000000100063 000000005933 1CENTRO DE ENDOCRINOLOGIA E MET204248              27022020REA000000000000000000000000023948                    00000000000000000000000                    00000035439728000522                     00
3410002300050A00000007700001 000002214080 8IDEIA MIDIA GRAFICA DIGITAL  E204205              27022020REA000000000000000000000000011019                    00000000000000000000000                    00000007988078000105                     00
3410002300051A00000000101409 000000028674 5VEXNET TELECON INFORMATICA LTD204236              27022020REA000000000000000000000000017278                    00000000000000000000000                    00000011500145000178                     00
3410002300052A00000010401086 000003003899 3CARTAO DE DESCONTO TAPG ITAQUE204216              27022020REA000000000000000000000000008356                    00000000000000000000000                    00000024819584000190                     00
3410002300053A00000010401688 000000000216 9WAUS MALHAS LTDA              204347              27022020REA000000000000000000000000004870                    00000000000000000000000                    00000021902093000110                     00
3410002300054A00000023700458 000000007549 3MARIA LUCILENE LOPES CARNEIRO 204315              27022020REA000000000000000000000000005115                    00000000000000000000000                    00000021810036000100                     00
3410002300055A00000008900003 000000201762 8EDIVALDO DIAS                 204345              27022020REA000000000000000000000000005735                    00000000000000000000000                    00000000013666671829                     00
3410002300056A00000013301075 000000009280 0ALEXANDRE PEDRO DA ROSA       204282              27022020REA000000000000000000000000033119                    00000000000000000000000                    00000027060549000128                     00
3410002300057A00000013301579 000000028236 7CAIO CESAR PEREIRA            204324              27022020REA000000000000000000000000001314                    00000000000000000000000                    00000020863883000170                     00
3410002300058A00000013301602 000000001492 3REGILDA FERNANDA SPEER GARCIA 204318              27022020REA000000000000000000000000018028                    00000000000000000000000                    00000000005666111981                     00
3410002300059A00000013301608 000000006806 3ELISANDRO COELHO              204392              27022020REA000000000000000000000000001460                    00000000000000000000000                    00000012246661000180                     00
3410002300060A00000013301608 000000009668 7MARCIEL WIETCOVSKI            204211              27022020REA000000000000000000000000117427                    00000000000000000000000                    00000022380543000114                     00
3410002300061A00000023700105 000000220583 1CASA DE GAROA EIRELLI         204194              27022020REA000000000000000000000000006341                    00000000000000000000000                    00000008515856000101                     00
3410002300062A00000023700105 000000220583 1CASA DE GAROA EIRELLI         204399              27022020REA000000000000000000000000015558                    00000000000000000000000                    00000008515856000101                     00
3410002300063A00000023700105 000000220583 1CASA DE GAROA EIRELLI         204398              27022020REA000000000000000000000000021136                    00000000000000000000000                    00000008515856000101                     00
3410002300064A00000013301075 000000009944 9ROSILENE VAMBOMMEL MEYER 05387204222              27022020REA000000000000000000000000009787                    00000000000000000000000                    00000024149220000140                     00
3410002300065A00000013301075 000000007161 7DOUGLAS MACHADO 06651273914   204385              27022020REA000000000000000000000000013513                    00000000000000000000000                    00000018755866000178                     00
3410002300066A00000013301075 000000028122 0FERNANDO PRIM                 204188              27022020REA000000000000000000000000003047                    00000000000000000000000                    00000012455426000119                     00
3410002300067A00000010403625 000000000420 1VAL FREIRE ESTETICA EIRELI    204250              27022020REA000000000000000000000000125794                    00000000000000000000000                    00000022147131000139                     00
3410002300068A00000023701849 000000007000 9LEONIDIA ALVES CARDOSO        204357              27022020REA000000000000000000000000323685                    00000000000000000000000                    00000003030434000203                     00
3410002300069A00000023701211 000000070392 3PRENDA MARI LTDA              204311              27022020REA000000000000000000000000015536                    00000000000000000000000                    00000002637865000199                     00
3410002300070A00000023705474 000000004421 0ESPACO TAMAREIRA POUSADA E EVE204195              27022020REA000000000000000000000000190338                    00000000000000000000000                    00000029121579000122                     00
3410002300071A00000013301075 000000026680 9ALINE SOUZA RAMOS KRAISCH     204200              27022020REA000000000000000000000000008753                    00000000000000000000000                    00000095873352000168                     00
3410002300072A00000013301075 000000011578 9ROSELI DA CRUZ KOBUS          204314              27022020REA000000000000000000000000002333                    00000000000000000000000                    00000000003570927911                     00
3410002300073A00000013301062 000000005590 5NERI DE BORBA                 204376              27022020REA000000000000000000000000003956                    00000000000000000000000                    00000000073524875904                     00
3410002300074A00000008900012 000001100671 4LUCIANE PACELLI NUNES         204359              27022020REA000000000000000000000000052002                    00000000000000000000000                    00000000011928583873                     00
3410002300075A00000000100799 000000048442 3VIEIRA E LANCONICOMERCIO EM AL204316              27022020REA000000000000000000000000017104                    00000000000000000000000                    00000017506373000131                     00
3410002300076A00000013301003 000000014380 4DAIANE TOMAZETTO BERNARDI     204388              27022020REA000000000000000000000000067479                    00000000000000000000000                    00000028893656000108                     00
3410002300077A00000013301003 000000004779 1NADIR FRANCISCO PERONDI E CIA 204225              27022020REA000000000000000000000000059197                    00000000000000000000000                    00000004688117000160                     00
3410002300078A00000023701563 000000027180 2JR COSMETICOS  E REPRESENTACAO204402              27022020REA000000000000000000000000005591                    00000000000000000000000                    00000019874071000141                     00
3410002300079A00000023701563 000000027180 2JR COSMETICOS  E REPRESENTACAO204400              27022020REA000000000000000000000000016036                    00000000000000000000000                    00000019874071000141                     00
3410002300080A00000023701563 000000027180 2JR COSMETICOS  E REPRESENTACAO204401              27022020REA000000000000000000000000089444                    00000000000000000000000                    00000019874071000141                     00
3410002300081A00000003303208 000001083899 5DAFNE DA COSTA ALMEIDA        204364              27022020REA000000000000000000000000006048                    00000000000000000000000                    00000000031082357880                     00
3410002300082A00000013301075 000000010179 6FREITAS MATERIAIS DE CONSTRUCA204212              27022020REA000000000000000000000000052499                    00000000000000000000000                    00000009356757000197                     00
3410002300083A00000013301075 000000014943 8NILTON POMMERENING            204332              27022020REA000000000000000000000000042543                    00000000000000000000000                    00000000068523238972                     00
3410002300084A00000003304268 000001000717 6ELISANGELA DA COLLINA FURLAN  204252              27022020REA000000000000000000000000027515                    00000000000000000000000                    00000000016479065808                     00
3410002300085A00000013301003 000000014638 2EXCLUSIVA PNEUS E AUTO CENTER 204243              27022020REA000000000000000000000000033853                    00000000000000000000000                    00000033826693000125                     00
3410002300086A00000013301075 000000027686 3AYRON CORREIA COMERCIO DE PRES204258              27022020REA000000000000000000000000023068                    00000000000000000000000                    00000029617720000182                     00
3410002300087A00000013301075 000000027123 3SICRET RISTOW TESKE           204295              27022020REA000000000000000000000000012735                    00000000000000000000000                    00000001421753000133                     00
3410002300088A00000010400749 000000000834 3P W F T GUEDES PROMOCOES      204191              27022020REA000000000000000000000000135890                    00000000000000000000000                    00000004893646000104                     00
3410002300089A00000013301003 000000009793 4TIAGO JUNIOR RESTELATTO MIOLA 204287              27022020REA000000000000000000000000088969                    00000000000000000000000                    00000021767295000104                     00
3410002300090A00000013301075 000000022862 1TED MARYNUS CONFECCOES LTDA   204391              27022020REA000000000000000000000000008702                    00000000000000000000000                    00000082855537000106                     00
3410002300091A00000013301608 000000027877 7FERROFUSO COMERCIO DE FERRAGEN204321              27022020REA000000000000000000000000009122                    00000000000000000000000                    00000029094193000179                     00
3410002300092A00000013301075 000000010280 6MADEIREIRA CALAO              204240              27022020REA000000000000000000000000098679                    00000000000000000000000                    00000017287231000120                     00
3410002300093A00000013301075 000000010969 0SOCIEDADE ESPOSTIVA E RECREATI204380              27022020REA000000000000000000000000016046                    00000000000000000000000                    00000083488627000160                     00
3410002300094A00000013301075 000000010335 7MATEUS RESTAURANTE E PIZZARIA 204285              27022020REA000000000000000000000000001450                    00000000000000000000000                    00000031139441000100                     00
3410002300095A00000013301003 000000014800 8LUTERO JOAO DA MOTTA          204317              27022020REA000000000000000000000000010406                    00000000000000000000000                    00000005841347000180                     00
3410002300096A00000026000001 000071128234 0RENATO LOPES DE PAULA         204358              27022020REA000000000000000000000000042206                    00000000000000000000000                    00000000002942683163                     00
3410002300097A00000013301588 000000010696 8EDESIO BUSNARDO               204377              27022020REA000000000000000000000000004746                    00000000000000000000000                    00000008724989000198                     00
3410002300098A00000013301075 000000025728 1ELOIZA FARIAS                 204227              27022020REA000000000000000000000000006742                    00000000000000000000000                    00000000008120312961                     00
3410002300099A00000013301075 000000027162 4PAULO CRISTINA MEI            204352              27022020REA000000000000000000000000004726                    00000000000000000000000                    00000023231907000167                     00
3410002300100A00000013301003 000000014242 5CM COMERCIO DE PECAS IMPLEMENT204370              27022020REA000000000000000000000000027327                    00000000000000000000000                    00000007043675000167                     00
3410002300101A00000013301003 000000014886 5FRANCIELA T DAROS PAPELARIA E 204245              27022020REA000000000000000000000000022280                    00000000000000000000000                    00000030682114000120                     00
3410002300102A00000013301003 000000004069 0R E CONFECCOES LTDA ME        204340              27022020REA000000000000000000000000065062                    00000000000000000000000                    00000019802468000128                     00
3410002300103A00000013301003 000000014778 8SALVADOR MECANICA E AUTO PECAS204374              27022020REA000000000000000000000000003793                    00000000000000000000000                    00000010245951000184                     00
3410002300104A00000013301009 000000006377 0PAULO FERDINANDO FERREIRA     204341              27022020REA000000000000000000000000025544                    00000000000000000000000                    00000015726900000198                     00
3410002300105A00000013301075 000000026683 3JULIO CEZAR DE AVILA          204299              27022020REA000000000000000000000000020281                    00000000000000000000000                    00000017385690000147                     00
3410002300106A00000065500655 000004534682 8NAJLA THAISA BORGES TORRES    204197              27022020REA000000000000000000000000003694                    00000000000000000000000                    00000000003000857109                     00
3410002300107A00000013301075 000000016886 6VALDIR ROLING E CIA LTDA      204360              27022020REA000000000000000000000000001021                    00000000000000000000000                    00000001941213000180                     00
3410002300108A00000013301003 000000009546 0FAVERO E BORTOLIN FISIOTERAPIA204325              27022020REA000000000000000000000000120550                    00000000000000000000000                    00000032415298000197                     00
3410002300109A00000010400920 000000021289 6PK COMERCIO DE COLCOES LTDA   204263              27022020REA000000000000000000000000012870                    00000000000000000000000                    00000012446564000131                     00
3410002300110A00000013301003 000000014946 2CORADELLI E CORADELLI PRESENTE204342              27022020REA000000000000000000000000004750                    00000000000000000000000                    00000010798133000109                     00
3410002300111A00000013301075 000000016752 5ALAMEDA AGROPECUARIA LTDA     204230              27022020REA000000000000000000000000005317                    00000000000000000000000                    00000029262472000102                     00
3410002300112A00000010400749 000000000905 6FRANCISCO VALDIR CHAVES       204249              27022020REA000000000000000000000000045891                    00000000000000000000000                    00000023560519000120                     00
3410002300113A00000013301075 000000021812 0LAVACAO E BORRACHARIA DOIS IRM204192              27022020REA000000000000000000000000001848                    00000000000000000000000                    00000079817037000167                     00
3410002300114A00000013301003 000000014712 5B Z CONSTRUTORA ZOLET BLOCOS E204218              27022020REA000000000000000000000000060709                    00000000000000000000000                    00000029437698000199                     00
3410002300115A00000013301058 000000009045 0J A TEIXEIRA BARANCELLI RESTAU204361              27022020REA000000000000000000000000004906                    00000000000000000000000                    00000006143819000194                     00
3410002300116A00000013301003 000000014545 9CENTRO DE FORMACAO DE CONDUTOR204344              27022020REA000000000000000000000000022167                    00000000000000000000000                    00000010575109000100                     00
3410002300117A00000013301668 000000005029 6RENATO CESAR CORREA           204208              27022020REA000000000000000000000000005621                    00000000000000000000000                    00000026541291000119                     00
3410002300118A00000013301075 000000010148 6ELIEZER MARTINS SONANIOTTO    204378              27022020REA000000000000000000000000012540                    00000000000000000000000                    00000027868442000100                     00
3410002300119A00000013301075 000000028644 3PATRICIA MARIA SALVADOR ME    204297              27022020REA000000000000000000000000002844                    00000000000000000000000                    00000033546377000108                     00
3410002300120A00000013301075 000000029178 1SELIO JOSE DAS NEVES          204279              27022020REA000000000000000000000000003841                    00000000000000000000000                    00000032886702000100                     00
3410002300121A00000013301620 000000014915 2RA COMERCIO DE MEDICAMENTOS   204280              27022020REA000000000000000000000000003080                    00000000000000000000000                    00000003783356000137                     00
3410002300122A00000013301062 000000015112 2SOLANGI VITORETI BARANOSWKI   204201              27022020REA000000000000000000000000007391                    00000000000000000000000                    00000034320260000166                     00
3410002300123A00000000104206 000000022655 6SANTOS MEDICINA DE TRAFEGO LTD204349              27022020REA000000000000000000000000008874                    00000000000000000000000                    00000031512104000109                     00
3410002300124A00000000103570 000000025601 3SOUVIE COMERCIO INDUSTRIA IMPO204273              27022020REA000000000000000000000000152347                    00000000000000000000000                    00000012226852000180                     00
3410002300125A00000013301075 000000029523 0ONE ACADEMIA DE CONDICIONAMENT204214              27022020REA000000000000000000000000014552                    00000000000000000000000                    00000018556009000149                     00
3410002300126A00000000104992 000000012185 1ASSOCIACAO MISSIONARIA ASSEMBL204239              27022020REA000000000000000000000000058923                    00000000000000000000000                    00000028952444000146                     00
3410002300127A00000013301003 000000015024 0ELIZANDRA DA SILVA            204313              27022020REA000000000000000000000000038830                    00000000000000000000000                    00000000003294406916                     00
3410002300128A00000013301075 000000020517 6IVANIR TEREZINHA RICARDO BAUMG204233              27022020REA000000000000000000000000002931                    00000000000000000000000                    00000017545367000193                     00
3410002300129A00000013301075 000000029531 0ELETRO SOLUCOES               204381              27022020REA000000000000000000000000004863                    00000000000000000000000                    00000015549325000103                     00
3410002300130A00000013301003 000000004340 0LOVENI SCHUG                  204333              27022020REA000000000000000000000000010698                    00000000000000000000000                    00000026896430000127                     00
3410002300131A00000013301003 000000009371 8SUPERVALE DISTRIBUIDORA DE PRO204238              27022020REA000000000000000000000000002334                    00000000000000000000000                    00000013146318000127                     00
3410002300132A00000013301609 000000027693 6MERCADO FERNANDES E SOUZA     204255              27022020REA000000000000000000000000001701                    00000000000000000000000                    00000029062121000140                     00
3410002300133A00000023701918 000000017151 4NATALIA PEREIRA FERNANDES 3988204232              27022020REA000000000000000000000000008260                    00000000000000000000000                    00000034589412000120                     00
3410002300134A00000013301075 000000021964 9COMERCIO DE MALHAS AMANDA     204319              27022020REA000000000000000000000000021346                    00000000000000000000000                    00000080421738000161                     00
3410002300135A00000013301075 000000008413 1WILLIAN JAMIR DA ROSA         204312              27022020REA000000000000000000000000016543                    00000000000000000000000                    00000015451012000100                     00
3410002300136A00000000100268 000000016964 1CASA DA CRIANCA DE VOTUPORANGA204244              27022020REA000000000000000000000000081965                    00000000000000000000000                    00000045163920000169                     00
3410002300137A00000013301003 000000015266 8MARCIA DE FATIMA CALGAROTTO CO204382              27022020REA000000000000000000000000040339                    00000000000000000000000                    00000010283209000163                     00
3410002300138A00000003303554 000013000683 0BELLA PETROPOLIS PADARIA E CON204251              27022020REA000000000000000000000000264854                    00000000000000000000000                    00000006949388000158                     00
3410002300139A00000013301075 000000029265 6DANTAS SAMARY COMERCIO AGRICOL204292              27022020REA000000000000000000000000021534                    00000000000000000000000                    00000010275685000132                     00
3410002300140A00000010404053 000000002535 0NELMA MORAIS DE AZEVEDO       204336              27022020REA000000000000000000000000006894                    00000000000000000000000                    00000000618825000174                     00
3410002300141A00000010404053 000300002538 5NELMA MORAIS DE AZEVEDO       204403              27022020REA000000000000000000000000018780                    00000000000000000000000                    00000000618825000174                     00
3410002300142A00000010404053 000300002538 5NELMA MORAIS DE AZEVEDO       204404              27022020REA000000000000000000000000022487                    00000000000000000000000                    00000000618825000174                     00
3410002300143A00000010400749 000000000693 6JOSE ALVES FILHO CONSTRUCAO   204298              27022020REA000000000000000000000000112478                    00000000000000000000000                    00000010842709000198                     00
3410002300144A00000013301003 000000015308 7ANTONIO CARLOS DOS SANTOS O CO204231              27022020REA000000000000000000000000004143                    00000000000000000000000                    00000013239007000102                     00
3410002300145A00000008900006 000000502498 6YAVINI NOBREGA CANO 4848057981204196              27022020REA000000000000000000000000037656                    00000000000000000000000                    00000034833639000170                     00
3410002300146A00000013301075 000000029655 4LANCHONETE CLAUDETE LTDA      204304              27022020REA000000000000000000000000011262                    00000000000000000000000                    00000033145407000166                     00
3410002300147A00000023702621 000000030652 5HIGIENOPOLIS ROTISSERIE E CONE204237              27022020REA000000000000000000000000247304                    00000000000000000000000                    00000011579530000152                     00
3410002300148A00000010403868 000003000308 8BATERIAS S N LTDA             204323              27022020REA000000000000000000000000027633                    00000000000000000000000                    00000007861844000176                     00
3410002300149A00000013301009 000000005768 1KREMER E KUNTZ LTDA           204327              27022020REA000000000000000000000000013998                    00000000000000000000000                    00000002910574000122                     00
3410002300150A00000013301009 000000009242 8ALCEU DUARTE                  204265              27022020REA000000000000000000000000001167                    00000000000000000000000                    00000017704896000192                     00
3410002300151A00000023701992 000000041167 1CONFEITARIA E CONVENIENCIAS DO204372              27022020REA000000000000000000000000182798                    00000000000000000000000                    00000025370152000107                     00
3410002300152A00000013301018 000000015453 9ELLEN BURILLE DE OLIVEIRA     204241              27022020REA000000000000000000000000014526                    00000000000000000000000                    00000034984451000122                     00
3410002300153A00000010400936 000300003212 7KATIA FERNANDA BAPTISTA 049489204221              27022020REA000000000000000000000000009789                    00000000000000000000000                    00000026225230000142                     00
3410002300154A00000075603125 000002130346 0SILVIO CESAR BIAZOTO          204348              27022020REA000000000000000000000000003880                    00000000000000000000000                    00000009330719000165                     00
3410002300155A00000003302151 000001010486 9MARIA TERESA FILIPPELLI       204350              27022020REA000000000000000000000000091000                    00000000000000000000000                    00000000007008460856                     00
3410002300156A00000013301620 000000006482 3VITORIA LIVRARIA E PAPELARIA L204272              27022020REA000000000000000000000000041724                    00000000000000000000000                    00000019005850000100                     00
3410002300157A00000013301009 000000009322 0FRANCIELE MANICA HOINATZ      204337              27022020REA000000000000000000000000008164                    00000000000000000000000                    00000025355303000158                     00
3410002300158A00000023703431 000000025052 0GUARACIABA SOUZA SCRIBELK     204320              27022020REA000000000000000000000000012572                    00000000000000000000000                    00000000086395190725                     00
3410002300159A00000013301003 000000015247 1MITRA DIOCESANA DE PARANAVAI  204368              27022020REA000000000000000000000000004851                    00000000000000000000000                    00000075476796002791                     00
3410002300160A00000023702302 000000004100 9TRADICAO DISTRIBUIDORA DE PERS204213              27022020REA000000000000000000000000770256                    00000000000000000000000                    00000074534819000175                     00
3410002300161A00000013301003 000000015420 2CAVIN CLINICA VETERINARIA     204267              27022020REA000000000000000000000000015621                    00000000000000000000000                    00000030658854000120                     00
3410002300162A00000010400037 000100039133 6JANAINA AGOSTINHO DE MELO     204354              27022020REA000000000000000000000000029726                    00000000000000000000000                    00000000001224481461                     00
3410002300163A00000013301075 000000009920 1SANTAS SAMARY COMERCIO AGRICOL204275              27022020REA000000000000000000000000026080                    00000000000000000000000                    00000010275685000213                     00
3410002300164A00000013301075 000000010472 8MARCIONEI TOMAZELI BAR E MERCE204256              27022020REA000000000000000000000000005106                    00000000000000000000000                    00000076567957000186                     00
3410002300165A00000074808043 000000052893 5RAFA CALCADOS LTDA            204365              27022020REA000000000000000000000000041683                    00000000000000000000000                    00000003490162000143                     00
3410002300166A00000000101498 000000008037 3JOYALE COMERCIO VAREJISTA DE A204329              27022020REA000000000000000000000000054593                    00000000000000000000000                    00000078872769000197                     00
3410002300167A00000013301009 000000009142 1ORIDES BASSO                  204215              27022020REA000000000000000000000000024313                    00000000000000000000000                    00000030199959000169                     00
3410002300168A00000023700527 000000072300 2ASSOCIACAO RESIDENCIAL VILA DA204288              27022020REA000000000000000000000000015634                    00000000000000000000000                    00000014363673000110                     00
3410002300169A00000000101169 000000024404 0ITALO DO NASCIMENTO FARIAS ME 204259              27022020REA000000000000000000000000001065                    00000000000000000000000                    00000008314279000270                     00
3410002300170A00000013301581 000000023058 8DANUSA ALINE BROGNI           204390              27022020REA000000000000000000000000026258                    00000000000000000000000                    00000000005435845939                     00
3410002300171A00000013301003 000000015774 0EDUARDO JOSE GRANDI           204353              27022020REA000000000000000000000000007410                    00000000000000000000000                    00000027838295000126                     00
3410002300172A00000000103082 000000003108 9TS2 ATIVIDADES FISICAS ESPECIA204223              27022020REA000000000000000000000000190166                    00000000000000000000000                    00000033092250000158                     00
3410002300173A00000013301075 000000029314 8MARCIANO SYPRIANI             204199              27022020REA000000000000000000000000013323                    00000000000000000000000                    00000022698090000179                     00
3410002300174A00000013301075 000000029384 9NER LANCHONETE LTDA ME        204393              27022020REA000000000000000000000000014977                    00000000000000000000000                    00000000937030000129                     00
3410002300175A00000000101409 000000024251 9FRANCISCO DAS CHAGAS ABREU CED204217              27022020REA000000000000000000000000037000                    00000000000000000000000                    00000000087373378315                     00
3410002300176A00000013301075 000000004963 8FELISBERTO BESEN              204383              27022020REA000000000000000000000000213950                    00000000000000000000000                    00000000007088477904                     00
3410002300177A00000017400001 000000900000 3SPLENDIDO ALIMENTACAO E SERVIC204271              27022020REA000000000000000000000000004502                    00000000000000000000000                    00000003301938000130                     00
3410002300178A00000000400036 000000013732 2CAMELO COMERCIO DE CEREAIS LTD204331              27022020REA000000000000000000000000003098                    00000000000000000000000                    00000008414759000122                     00
3410002300179A00000007700001 000003133880 1FARMACIA SAUDE PARA TODOS LTDA204234              27022020REA000000000000000000000000002934                    00000000000000000000000                    00000010294731000221                     00
3410002300180A00000013301075 000000030409 3PATRICIO  PATRICIO PADARIA E C204326              27022020REA000000000000000000000000014387                    00000000000000000000000                    00000017248232000166                     00
3410002300181A00000023701749 000000008323 2ADRIANO BIRELLO               204229              27022020REA000000000000000000000000078303                    00000000000000000000000                    00000015665809000100                     00
3410002300182A00000000104309 000000016520 4ANTONIO RAIMUNDO DE SOUSA     204224              27022020REA000000000000000000000000004103                    00000000000000000000000                    00000000068456727849                     00
3410002300183A00000000102878 000000049697 9JOELMA DE FATIMA MOREIRA DE OL204293              27022020REA000000000000000000000000001075                    00000000000000000000000                    00000000086170759968                     00
3410002300184A00000075603125 000002130523 4ANTONIO MARCOS DEOLINDO LANZOL204338              27022020REA000000000000000000000000014961                    00000000000000000000000                    00000007674778000125                     00
3410002300185A00000023705246 000000022217 8SANTO SHOW PRODUCOES E EVENTOS204394              27022020REA000000000000000000000000153296                    00000000000000000000000                    00000013928310000112                     00
3410002300186A00000074800718 000000096168 8MERCANTIL BRAIDEL LTDA        204343              27022020REA000000000000000000000000004601                    00000000000000000000000                    00000059755900000191                     00
3410002300187A00000000102199 000000023520 2MATEUS CORDEIRO NUNES         204207              27022020REA000000000000000000000000041106                    00000000000000000000000                    00000000002751509339                     00
3410002300188A00000000102199 000000021647 XALDEMIR OLIVEIRA DA SILVA NETO204363              27022020REA000000000000000000000000005056                    00000000000000000000000                    00000000001429499303                     00
3410002300189A00000023707736 000000001028 6ESTILO SAO PAULO PAES E DOCES 204296              27022020REA000000000000000000000000030280                    00000000000000000000000                    00000003043105000116                     00
3410002300190A00000013301584 000000016172 1GUSTAVO ITO NIRO              204247              27022020REA000000000000000000000000017346                    00000000000000000000000                    00000000011625060912                     00
3410002300191A00000013301075 000000010334 9MEK COMERCIO E TRANSPORTE DE H204269              27022020REA000000000000000000000000019492                    00000000000000000000000                    00000021035798000187                     00
3410002300192A00000003301566 000013001358 5YURI SANTOS DE ALMEIDA 3934669204301              27022020REA000000000000000000000000082450                    00000000000000000000000                    00000029731712000162                     00
3410002300193A00000000104015 000000014909 8CLAUDIA ALINE DA SILVA        204193              27022020REA000000000000000000000000022868                    00000000000000000000000                    00000000036682936869                     00
3410002300194A00000000100068 000000018300 8DJACILMA MENDES ROCHA MARINHO 204257              27022020REA000000000000000000000000008737                    00000000000000000000000                    00000004159855000110                     00
34100025         000196000000000008019003000000000000000000                                                                                                                                                                                     
34199999         000002000224                                                                                                                                                                                                                   
