34100000      081222347623000178                    06248 000000045232 5CELER PAGAMENTOS              Itau Unibanco S.A                       11302202000000000000000                                                                           
34100011C9801040 222347623000178                    06248 000000045232 5CELER PAGAMENTOS                                                                                   00000                                   00000000                     
3410001300001A00000034100445 000000075637 2SINGULAR CONSULTORIA EM VIAGEN195890              13022020REA000000000000000000000000243400                    00000000000000000000000                    00000029685986000162                     00
3410001300002A00000034108857 000000012607 5AGENCIA JORGE DE TURISMO E PAS195872              13022020REA000000000000000000000000057594                    00000000000000000000000                    00000061489399000100                     00
3410001300003A000000341 0001 000000015562 0AQUIVIAGENS OPERADORA TURISTIC195899              13022020REA000000000000000000000000083469                    00000000000000000000000                    00000096243761000143                     00
3410001300004A00000034109103 000000023501 7MARLI OLIVEIRA ROCHA          195878              13022020REA000000000000000000000000081642                    00000000000000000000000                    00000000026730619830                     00
3410001300005A00000034103754 000000044102 4DAVI COSTA MEDEIROS CONSULTORI195902              13022020REA000000000000000000000000179219                    00000000000000000000000                    00000021387467000106                     00
3410001300006A00000034100002 000000035253 2NETWORK BEAUTY  FASHION COSMET195920              13022020REA000000000000000000000000090963                    00000000000000000000000                    00000003424849000180                     00
3410001300007A00000034101644 000000062360 3V F DOS SANTOS COMERCIO DE MOV195925              13022020REA000000000000000000000000079768                    00000000000000000000000                    00000012258816000107                     00
3410001300008A00000034100865 000000013771 5MARCOS ROBERTO FERREIRA BISPO 195906              13022020REA000000000000000000000000062097                    00000000000000000000000                    00000049170780000107                     00
3410001300009A00000034103788 000000058820 4TANJI E DARCIE LTDA           195879              13022020REA000000000000000000000000092029                    00000000000000000000000                    00000017084440000177                     00
3410001300010A00000034100187 000000013926 6CRZ COMERCIO E REPRESENTACOES 195910              13022020REA000000000000000000000000450669                    00000000000000000000000                    00000047738604000101                     00
34100015         000012000000000001420850000000000000000000                                                                                                                                                                                     
34100021C9841040 222347623000178                    06248 000000045232 5CELER PAGAMENTOS                                                                                   00000                                   00000000                     
3410002300001A00000023703157 000000034696 9DIEGO GARCIA DA SILVA         195875              13022020REA000000000000000000000000053865                    00000000000000000000000                    00000009354049000117                     00
3410002300002A00000075604370 000000032990 8PDV365 PRODUCAO E AUTOMACAO DE195886              13022020REA000000000000000000000000067071                    00000000000000000000000                    00000012569291000112                     00
3410002300003A00000023701849 000000001268 8AURELIO FERREIRA RIBEIRO ME   195911              13022020REA000000000000000000000000050881                    00000000000000000000000                    00000005669371000184                     00
3410002300004A00000008500101 000000732600 9MAGNUM INSTRUMENTOS MUSICAIS L195923              13022020REA000000000000000000000000205281                    00000000000000000000000                    00000082097197000193                     00
3410002300005A00000010404557 000000000878 2ADMINISTRADORA DE CARTAO DE TO195903              13022020REA000000000000000000000000056115                    00000000000000000000000                    00000025341175000193                     00
3410002300006A00000023701789 000000043251 2CONTINENTTRAVEL  AGENCIA DE VI195912              13022020REA000000000000000000000000073020                    00000000000000000000000                    00000017714146000100                     00
3410002300007A00000023701445 000000030451 4UPPER CLASS AGENCIA DE VIAGENS195876              13022020REA000000000000000000000000300216                    00000000000000000000000                    00000066090770000180                     00
3410002300008A00000003303733 000013003898 0CARTAO DE DESCONTOS           195894              13022020REA000000000000000000000000057891                    00000000000000000000000                    00000025135387000114                     00
3410002300009A00000075603125 000000631809 6ANSELMO ACETI INFORMATICA  ME 195889              13022020REA000000000000000000000000056412                    00000000000000000000000                    00000004322177000165                     00
3410002300010A00000003303733 000013004404 0AZEVEDO E MENDES SERVICOS ADMI195897              13022020REA000000000000000000000000150369                    00000000000000000000000                    00000024996244000134                     00
3410002300011A00000023700023 000000253043 0JOAO H BOTELHO GENNARI RESTAUR195907              13022020REA000000000000000000000000171865                    00000000000000000000000                    00000017276511000133                     00
3410002300012A00000000106939 000000053750 0ADMINISTRADORA DE CONSULTORIOS195915              13022020REA000000000000000000000000166494                    00000000000000000000000                    00000025966574000140                     00
3410002300013A00000003303749 000013002584 8GREEN GOY NOYORI EIRELI  ME   195922              13022020REA000000000000000000000000054205                    00000000000000000000000                    00000005877577000108                     00
3410002300014A00000010402047 000000304973 1CLINICA MEDICA E ODONTOLOGICA 195880              13022020REA000000000000000000000000157453                    00000000000000000000000                    00000031570751000177                     00
3410002300015A00000000101498 000000008037 3PEDRO DELLA GIUSTINA SOUZA    195896              13022020REA000000000000000000000000108337                    00000000000000000000000                    00000078872769000197                     00
3410002300016A00000023702886 000000010142 7LRM ACESSORIOS SERVICOS A L ME195904              13022020REA000000000000000000000000058893                    00000000000000000000000                    00000001342545000149                     00
3410002300017A00000008900001 000000003797 4NAIR DA SILVA MUNIZ 1728733782195895              13022020REA000000000000000000000000164262                    00000000000000000000000                    00000029549230000196                     00
3410002300018A00000074800728 000000063824 2JULIANO FRANCISCO DA SILVA ACA195914              13022020REA000000000000000000000000094576                    00000000000000000000000                    00000019204801000105                     00
3410002300019A00000003301268 000013001326 1TERRAS GOIANAS CLINICA MEDICA 195887              13022020REA000000000000000000000000168879                    00000000000000000000000                    00000028796557000108                     00
3410002300020A00000003304422 000013001705 9MARIMAX COMERCIO E IMPORTACAO 195901              13022020REA000000000000000000000000095109                    00000000000000000000000                    00000020339865000194                     00
3410002300021A00000013301608 000000009668 7MARCIEL WIETCOVSKI            195881              13022020REA000000000000000000000000055288                    00000000000000000000000                    00000022380543000114                     00
3410002300022A00000010403625 000000000420 1VAL FREIRE ESTETICA EIRELI    195892              13022020REA000000000000000000000000101966                    00000000000000000000000                    00000022147131000139                     00
3410002300023A00000023701849 000000007000 9LEONIDIA ALVES CARDOSO        195916              13022020REA000000000000000000000000344179                    00000000000000000000000                    00000003030434000203                     00
3410002300024A00000013301003 000000014380 4DAIANE TOMAZETTO BERNARDI     195924              13022020REA000000000000000000000000064860                    00000000000000000000000                    00000028893656000108                     00
3410002300025A00000013301075 000000010179 6FREITAS MATERIAIS DE CONSTRUCA195882              13022020REA000000000000000000000000057130                    00000000000000000000000                    00000009356757000197                     00
3410002300026A00000010400749 000000000834 3P W F T GUEDES PROMOCOES      195874              13022020REA000000000000000000000000618856                    00000000000000000000000                    00000004893646000104                     00
3410002300027A00000013301075 000000010280 6MADEIREIRA CALAO              195888              13022020REA000000000000000000000000072296                    00000000000000000000000                    00000017287231000120                     00
3410002300028A00000026000001 000071128234 0RENATO LOPES DE PAULA         195917              13022020REA000000000000000000000000092680                    00000000000000000000000                    00000000002942683163                     00
3410002300029A00000013301009 000000006377 0PAULO FERDINANDO FERREIRA     195913              13022020REA000000000000000000000000067373                    00000000000000000000000                    00000015726900000198                     00
3410002300030A00000000100048 000000161751 6RICARDO BASSANI               195873              13022020REA000000000000000000000000175398                    00000000000000000000000                    00000000099854872149                     00
3410002300031A00000013301003 000000009546 0FAVERO E BORTOLIN FISIOTERAPIA195908              13022020REA000000000000000000000000093854                    00000000000000000000000                    00000032415298000197                     00
3410002300032A00000000107114 000000013705 7MARCOS VINICIUS LOPES DE PAULA195885              13022020REA000000000000000000000000052314                    00000000000000000000000                    00000000000674059166                     00
3410002300033A00000013301062 000000015112 2SOLANGI VITORETI BARANOSWKI   195877              13022020REA000000000000000000000000066422                    00000000000000000000000                    00000034320260000166                     00
3410002300034A00000000103570 000000025601 3SOUVIE COMERCIO INDUSTRIA IMPO195898              13022020REA000000000000000000000000059972                    00000000000000000000000                    00000012226852000180                     00
3410002300035A00000003303554 000013000683 0BELLA PETROPOLIS PADARIA E CON195893              13022020REA000000000000000000000000235275                    00000000000000000000000                    00000006949388000158                     00
3410002300036A00000013301003 000000009906 6JB MATERIAIS ELETRICOS LTDA ME195884              13022020REA000000000000000000000000068486                    00000000000000000000000                    00000001965594000138                     00
3410002300037A00000023701992 000000041167 1CONFEITARIA E CONVENIENCIAS DO195921              13022020REA000000000000000000000000099068                    00000000000000000000000                    00000025370152000107                     00
3410002300038A00000023702302 000000004100 9TRADICAO DISTRIBUIDORA DE PERS195883              13022020REA000000000000000000000000434688                    00000000000000000000000                    00000074534819000175                     00
3410002300039A00000013301075 000000030197 3CRISTINA MAIARA K             195891              13022020REA000000000000000000000000062285                    00000000000000000000000                    00000000007432184933                     00
3410002300040A00000000101498 000000008037 3JOYALE COMERCIO VAREJISTA DE A195909              13022020REA000000000000000000000000064127                    00000000000000000000000                    00000078872769000197                     00
3410002300041A00000023700527 000000072300 2ASSOCIACAO RESIDENCIAL VILA DA195900              13022020REA000000000000000000000000118436                    00000000000000000000000                    00000014363673000110                     00
3410002300042A00000000107007 000000011524 0MILANI E MACHADO PRODUCOES EIR195919              13022020REA000000000000000000000000135814                    00000000000000000000000                    00000035230279000184                     00
3410002300043A00000013301075 000000029384 9NER LANCHONETE LTDA ME        195926              13022020REA000000000000000000000000050783                    00000000000000000000000                    00000000937030000129                     00
3410002300044A00000023705246 000000022217 8SANTO SHOW PRODUCOES E EVENTOS195927              13022020REA000000000000000000000000140521                    00000000000000000000000                    00000013928310000112                     00
3410002300045A00000000102199 000000021647 XALDEMIR OLIVEIRA DA SILVA NETO195918              13022020REA000000000000000000000000056749                    00000000000000000000000                    00000000001429499303                     00
3410002300046A00000023707736 000000001028 6ESTILO SAO PAULO PAES E DOCES 195905              13022020REA000000000000000000000000051535                    00000000000000000000000                    00000003043105000116                     00
34100025         000048000000000005751549000000000000000000                                                                                                                                                                                     
34199999         000002000062                                                                                                                                                                                                                   
