34100000      081222347623000178                    06248 000000045232 5CELER PAGAMENTOS              Itau Unibanco S.A                       11202202000000000000000                                                                           
34100011C9801040 222347623000178                    06248 000000045232 5CELER PAGAMENTOS                                                                                   00000                                   00000000                     
3410001300001A00000034109314 000000034981 3J. ALVES SOARES - ME          188715              12022020REA000000000000000000000000017629                    00000000000000000000000                    00000063100025479152                     00
3410001300002A00000034101422 000000004451 9RAFAEL RIBEIRO MARCIANO RESTAU188555              12022020REA000000000000000000000000005357                    00000000000000000000000                    00000063100010608991                     00
3410001300003A00000034100002 000000035253 2A  G COSMETICOS LTDA          188647              12022020REA000000000000000000000000086618                    00000000000000000000000                    00000003424849000180                     00
3410001300004A00000034100002 000000035253 2ALLOR COMERCIO E DISTRIBUICAO 188571              12022020REA000000000000000000000000052460                    00000000000000000000000                    00000003424849000180                     00
3410001300005A00000034100002 000000035253 2COMMIL COMERCIO E SERVICOS LTD188731              12022020REA000000000000000000000000051319                    00000000000000000000000                    00000003424849000180                     00
3410001300006A00000034100002 000000035253 2DIEGO RICARDO ZAGO  COSMETICOS188628              12022020REA000000000000000000000000018087                    00000000000000000000000                    00000003424849000180                     00
3410001300007A00000034100002 000000035253 2COMERCIAL DE COSMETICOS BELEZA188637              12022020REA000000000000000000000000015137                    00000000000000000000000                    00000003424849000180                     00
3410001300008A00000034100002 000000035253 2JR COSMETICOS  E REPRESENTACAO188691              12022020REA000000000000000000000000082310                    00000000000000000000000                    00000003424849000180                     00
3410001300009A00000034100002 000000035253 2NETWORK BEAUTY  FASHION COSMET188719              12022020REA000000000000000000000000080888                    00000000000000000000000                    00000008100094842430                     00
3410001300010A00000034108015 000000004423 6AARAN INDUSTRIA E COMERCIO DE 188587              12022020REA000000000000000000000000017266                    00000000000000000000000                    00000056100029392200                     00
3410001300011A00000034103005 000000003318 2EDIVALDO RODRIGUES DOS SANTOS 188739              12022020REA000000000000000000000000077368                    00000000000000000000000                    00000000020860738441                     00
3410001300012A00000034101644 000000062360 3V F DOS SANTOS COMERCIO DE MOV188540              12022020REA000000000000000000000000025725                    00000000000000000000000                    00000070100061885221                     00
3410001300013A00000034100865 000000013771 5MARCOS ROBERTO FERREIRA BISPO 188569              12022020REA000000000000000000000000073611                    00000000000000000000000                    00000070100008707194                     00
3410001300014A00000034100077 000000040096 8J DOS SANTOS PEREIRA  MODAS   188664              12022020REA000000000000000000000000011688                    00000000000000000000000                    00000069100053759962                     00
3410001300015A00000034108557 000000007408 8KELI CRISTINA ARGERI          188706              12022020REA000000000000000000000000015522                    00000000000000000000000                    00000000012849982903                     00
3410001300016A00000034103788 000000058820 4TANJI E DARCIE LTDA           188526              12022020REA000000000000000000000000070419                    00000000000000000000000                    00000077100004448071                     00
3410001300017A00000034100002 000000035253 2DRUMOND  NEGRO COMERCIO DE COS188582              12022020REA000000000000000000000000078124                    00000000000000000000000                    00000003424849000504                     00
3410001300018A00000034100002 000000035253 2LILIAN REGINA GOMES PASSAGNO D188654              12022020REA000000000000000000000000029366                    00000000000000000000000                    00000046100093749650                     00
3410001300019A00000034100002 000000035253 2LOOK S COMESTICOS LTDA        188728              12022020REA000000000000000000000000044298                    00000000000000000000000                    00000003424849000180                     00
3410001300020A00000034108036 000000011339 0JAIME GUILHERMINO DE SOUZA    188636              12022020REA000000000000000000000000009660                    00000000000000000000000                    00000000070804156831                     00
3410001300021A00000034100187 000000013926 6CRZ COMERCIO E REPRESENTACOES 188703              12022020REA000000000000000000000000155574                    00000000000000000000000                    00000010100040683774                     00
3410001300022A00000034104285 000000011799 2DIEGO LEITE DE BARROS ASSESSOR188543              12022020REA000000000000000000000000060313                    00000000000000000000000                    00000004100081161311                     00
3410001300023A00000034108217 000000019647 9RAQUEL FARIA SABIONI 277042048188722              12022020REA000000000000000000000000019897                    00000000000000000000000                    00000040100038387143                     00
3410001300024A00000034106492 000000016570 6IZABEL DE SOUZA SALAZAR FURTAD188514              12022020REA000000000000000000000000001230                    00000000000000000000000                    00000084100004203281                     00
34100015         000026000000000001099866000000000000000000                                                                                                                                                                                     
34100021C9841040 222347623000178                    06248 000000045232 5CELER PAGAMENTOS                                                                                   00000                                   00000000                     
3410002300001A00000023702213 000000014633 1MURILO MALTA PORTO            188698              12022020REA000000000000000000000000064800                    00000000000000000000000                    00000000060859404323                     00
3410002300002A00000003304442 000013000418 5CARTAO DE DESCONTO TERRA DOS B188601              12022020REA000000000000000000000000030629                    00000000000000000000000                    00000069100042015011                     00
3410002300003A00000004100028 000060862100 3NARA R LEAL DE CORDEIRO       188524              12022020REA000000000000000000000000029590                    00000000000000000000000                    00000049100096190920                     00
3410002300004A00000023703157 000000034696 9DIEGO GARCIA DA SILVA         188574              12022020REA000000000000000000000000057744                    00000000000000000000000                    00000071100094045390                     00
3410002300005A00000008500109 000000044648 3EPR CENTRO AUTOMOTIVO ME LTDA 188610              12022020REA000000000000000000000000118429                    00000000000000000000000                    00000063100080163603                     00
3410002300006A00000023700513 000000010481 7F e G ADMINISTRADORA DE CARTOE188686              12022020REA000000000000000000000000022216                    00000000000000000000000                    00000024100034627603                     00
3410002300007A00000023701232 000000024820 7ADMINISTRADORA DE CARTAO DE DE188666              12022020REA000000000000000000000000013755                    00000000000000000000000                    00000018100033948213                     00
3410002300008A00000075604370 000000032990 8PDV365 PRODUCAO E AUTOMACAO DE188522              12022020REA000000000000000000000000113433                    00000000000000000000000                    00000021100019296521                     00
3410002300009A00000000100411 000000021915 0CARLOS AL DE PAULA  ME        188679              12022020REA000000000000000000000000017841                    00000000000000000000000                    00000019100051649250                     00
3410002300010A00000003304387 000013000211 4N C ADMINISTRADORA DE CARTAO D188683              12022020REA000000000000000000000000004936                    00000000000000000000000                    00000063100093747111                     00
3410002300011A00000003300037 000000147525 4DILVANIA APARECIDA VIEIRA     188674              12022020REA000000000000000000000000006286                    00000000000000000000000                    00000000000846999810                     00
3410002300012A00000010400017 001300068810 4CLEITON TRAVASSO              188632              12022020REA000000000000000000000000018742                    00000000000000000000000                    00000000035122863997                     00
3410002300013A00000023701849 000000001268 8AURELIO FERREIRA RIBEIRO ME   188562              12022020REA000000000000000000000000010627                    00000000000000000000000                    00000048100017396650                     00
3410002300014A00000000101218 000000014405 3RAIMUNDO ISAIAS MONTEIRO PINTO188650              12022020REA000000000000000000000000008245                    00000000000000000000000                    00000000060306222426                     00
3410002300015A00000010404913 001300001807 0TULYO DE TARCIO RIBEIRO CHAVES188624              12022020REA000000000000000000000000029392                    00000000000000000000000                    00000000005483633490                     00
3410002300016A00000026000001 000071128234 0RENATO LOPES DE PAULA         188515              12022020REA000000000000000000000000027920                    00000000000000000000000                    00000000036138624920                     00
3410002300017A00000008500101 000000732600 9MAGNUM INSTRUMENTOS MUSICAIS L188602              12022020REA000000000000000000000000243642                    00000000000000000000000                    00000039100079179028                     00
3410002300018A00000010400898 000000002712 8ADMINISTRADORA DE SERVICOS DE 188733              12022020REA000000000000000000000000004855                    00000000000000000000000                    00000053100027867603                     00
3410002300019A00000008500101 000000679040 2SALVA MED EMERGENCIAS MEDICAS 188726              12022020REA000000000000000000000000011615                    00000000000000000000000                    00000084100071549040                     00
3410002300020A00000010404557 000000000878 2ADMINISTRADORA DE CARTAO DE TO188616              12022020REA000000000000000000000000051758                    00000000000000000000000                    00000039100057114352                     00
3410002300021A00000010400917 000000005066 0ADMINISTRADORA DE CARTAO DE DE188662              12022020REA000000000000000000000000041268                    00000000000000000000000                    00000097100084170413                     00
3410002300022A00000023701800 000000039689 3FABIO FRANCISCO DOS SANTOS    188542              12022020REA000000000000000000000000007859                    00000000000000000000000                    00000000079417569430                     00
3410002300023A00000003303733 000013003898 0CARTAO DE DESCONTOS           188645              12022020REA000000000000000000000000048395                    00000000000000000000000                    00000041100078353152                     00
3410002300024A00000075603125 000000632446 0SANTOS  DIOGO LTDA            188655              12022020REA000000000000000000000000040298                    00000000000000000000000                    00000028100034977130                     00
3410002300025A00000075603125 000000631809 6ANSELMO ACETI INFORMATICA  ME 188678              12022020REA000000000000000000000000068012                    00000000000000000000000                    00000056100077122340                     00
3410002300026A00000023700218 000000018737 2JANE KELLY CARNEIRO DA SILVA  188508              12022020REA000000000000000000000000034893                    00000000000000000000000                    00000060100099110671                     00
3410002300027A00000000100781 000000018701 1ADEMIR APARECIDO CONSTANTINO M188607              12022020REA000000000000000000000000027954                    00000000000000000000000                    00000053100081726140                     00
3410002300028A00000000100467 000000014512 2JOSE MIGUEL DE SOUZA          188596              12022020REA000000000000000000000000008650                    00000000000000000000000                    00000000094929571839                     00
3410002300029A00000026000001 000001507461 8EWERTON ROSA GOMES            188618              12022020REA000000000000000000000000014507                    00000000000000000000000                    00000000005121603320                     00
3410002300030A00000000102502 000000046291 8VICOSO ESTACIONAMENTO LTDA    188734              12022020REA000000000000000000000000014795                    00000000000000000000000                    00000038100075599770                     00
3410002300031A00000010401045 000000003062 0ARACAJU ADMINISTRACAO DE CARTA188598              12022020REA000000000000000000000000018403                    00000000000000000000000                    00000011100069574713                     00
3410002300032A00000023701232 000000024868 1ATENDIMENTO MEDICO E ODONTOLOG188640              12022020REA000000000000000000000000171689                    00000000000000000000000                    00000060100031623113                     00
3410002300033A00000023700223 000000211185 3SUELI APARECIDA PORPHIRIO FERN188692              12022020REA000000000000000000000000017337                    00000000000000000000000                    00000023100026657080                     00
3410002300034A00000010401464 000000028961 7MARIA CLEMENTINA DE ALMEIDA OL188539              12022020REA000000000000000000000000003868                    00000000000000000000000                    00000000027155243906                     00
3410002300035A00000003303733 000013004404 0AZEVEDO E MENDES SERVICOS ADMI188560              12022020REA000000000000000000000000152346                    00000000000000000000000                    00000043100044269942                     00
3410002300036A00000010404292 000000000487 6SONHO DE CRIANCA CONFECCAO INF188597              12022020REA000000000000000000000000022472                    00000000000000000000000                    00000053100087440722                     00
3410002300037A00000010404292 000000023725 4MAICON ROBSON GABARDO         188551              12022020REA000000000000000000000000002138                    00000000000000000000000                    00000000006922015800                     00
3410002300038A00000000102916 000000018131 5FLORESTE E SUPRIMENTO FLORESTA188642              12022020REA000000000000000000000000007772                    00000000000000000000000                    00000097100085104180                     00
3410002300039A00000023700023 000000253043 0JOAO H BOTELHO GENNARI RESTAUR188528              12022020REA000000000000000000000000095008                    00000000000000000000000                    00000017276511000133                     00
3410002300040A00000000106993 000000018998 7SERGIO DE OLIVEIRA SILVA      188552              12022020REA000000000000000000000000019682                    00000000000000000000000                    00000000004800956382                     00
3410002300041A00000008900004 000000300525 3JORGE HENRIQUE MICHEL  CIA LTD188737              12022020REA000000000000000000000000056661                    00000000000000000000000                    00000090100089602875                     00
3410002300042A00000003304501 000013002428 2CEMA CENTRO MEDICO E ODONTOLOG188688              12022020REA000000000000000000000000050919                    00000000000000000000000                    00000000100011567501                     00
3410002300043A00000000106939 000000053750 0ADMINISTRADORA DE CONSULTORIOS188594              12022020REA000000000000000000000000104722                    00000000000000000000000                    00000004100047566952                     00
3410002300044A00000003303749 000013002584 8GREEN GOY NOYORI EIRELI  ME   188693              12022020REA000000000000000000000000133648                    00000000000000000000000                    00000080100077577850                     00
3410002300045A00000000100506 000000030540 5CLINICA AMOR SAUDE ITABUNA EIR188711              12022020REA000000000000000000000000015186                    00000000000000000000000                    00000000100001222503                     00
3410002300046A00000010402047 000000304973 1CLINICA MEDICA E ODONTOLOGICA 188660              12022020REA000000000000000000000000114840                    00000000000000000000000                    00000077100015707513                     00
3410002300047A00000010401461 000000001628 9BRIZOLA R SETTE E MARIA DO CAR188545              12022020REA000000000000000000000000004486                    00000000000000000000000                    00000053100079141903                     00
3410002300048A00000000100095 000000028910 8FF INDUSTRIA DE ALIMENTOS LTDA188653              12022020REA000000000000000000000000021814                    00000000000000000000000                    00000008200059896102                     00
3410002300049A00000000101498 000000008037 3PEDRO DELLA GIUSTINA SOUZA    188517              12022020REA000000000000000000000000028321                    00000000000000000000000                    00000079100096727887                     00
3410002300050A00000003303047 000013002290 1CATANDUVA ADMINISTRADORA DE CA188559              12022020REA000000000000000000000000006320                    00000000000000000000000                    00000042100099182042                     00
3410002300051A00000003300087 000001054402 1RUDINEI RODRIGUES RIGUETO     188608              12022020REA000000000000000000000000017583                    00000000000000000000000                    00000000051604284455                     00
3410002300052A00000023701849 000000003305 7ROSEMAR FLORES BEZERRA        188713              12022020REA000000000000000000000000008695                    00000000000000000000000                    00000000019197997455                     00
3410002300053A00000023702112 000000002890 8LATICINIOS ZACARIAS LTDA      188667              12022020REA000000000000000000000000008979                    00000000000000000000000                    00000041100088407506                     00
3410002300054A00000010401576 001300154874 0RITA DE CASSIA CRUZ DO NASCIME188710              12022020REA000000000000000000000000003078                    00000000000000000000000                    00000000005300907820                     00
3410002300055A00000008900001 000000003797 4NAIR DA SILVA MUNIZ 1728733782188742              12022020REA000000000000000000000000106955                    00000000000000000000000                    00000069100003294592                     00
3410002300056A00000074800728 000000063824 2JULIANO FRANCISCO DA SILVA ACA188611              12022020REA000000000000000000000000040280                    00000000000000000000000                    00000050100010840291                     00
3410002300057A00000000100165 000000037203 0REGIANE ZACCHEU CARMINATI     188695              12022020REA000000000000000000000000017260                    00000000000000000000000                    00000034100072676423                     00
3410002300058A00000010401651 000000019490 2CARTAO DE TODOS PETROPOLIS LTD188696              12022020REA000000000000000000000000004817                    00000000000000000000000                    00000044100074248531                     00
3410002300059A00000075603125 000002130113 1JOSE ROBERTO DAMAGLIO         188727              12022020REA000000000000000000000000018571                    00000000000000000000000                    00000060100064287981                     00
3410002300060A00000023700997 000000030470 0REJANE CLAUDINO MELO          188568              12022020REA000000000000000000000000005460                    00000000000000000000000                    00000000002303065348                     00
3410002300061A00000003301268 000013001326 1TERRAS GOIANAS CLINICA MEDICA 188546              12022020REA000000000000000000000000089100                    00000000000000000000000                    00000080100075569782                     00
3410002300062A00000010400118 000000003325 8ADMINISTRADORA DE CARTAO DE DE188631              12022020REA000000000000000000000000034674                    00000000000000000000000                    00000001100033602403                     00
3410002300063A00000010402224 001300051399 2MANOEL GONCALVES DOS SANTOS MO188536              12022020REA000000000000000000000000004365                    00000000000000000000000                    00000000002103517210                     00
3410002300064A00000023701536 000000012324 2ATAMIR DIAS MARQUES           188669              12022020REA000000000000000000000000008784                    00000000000000000000000                    00000000097130061510                     00
3410002300065A00000010400283 000000003246 2CLINICA MEDICA E ODONTOLOGICA 188509              12022020REA000000000000000000000000033593                    00000000000000000000000                    00000028100041138223                     00
3410002300066A00000023701849 000000008908 7KELVIN HENRY COUTINHO BITTENCO188576              12022020REA000000000000000000000000032886                    00000000000000000000000                    00000000000194684740                     00
3410002300067A00000000100063 000000005933 1CENTRO DE ENDOCRINOLOGIA E MET188730              12022020REA000000000000000000000000025311                    00000000000000000000000                    00000009010082793453                     00
3410002300068A00000000100063 000000005933 1CENTRO DE ENDOCRINOLOGIA E MET188699              12022020REA000000000000000000000000020022                    00000000000000000000000                    00000022500082793453                     00
3410002300069A00000007700001 000002214080 8IDEIA MIDIA GRAFICA DIGITAL  E188541              12022020REA000000000000000000000000004870                    00000000000000000000000                    00000050100087088970                     00
3410002300070A00000000101409 000000028674 5VEXNET TELECON INFORMATICA LTD188591              12022020REA000000000000000000000000021880                    00000000000000000000000                    00000087100054100511                     00
3410002300071A00000075603169 000000009707 1CASA DA PIMENTA COMERCIAL DE B188530              12022020REA000000000000000000000000001071                    00000000000000000000000                    00000026100015289080                     00
3410002300072A00000013301569 000000028087 9ROBIS GRAVINO DA FONSECA      188513              12022020REA000000000000000000000000002497                    00000000000000000000000                    00000000008711661690                     00
3410002300073A00000013301075 000000009280 0ALEXANDRE PEDRO DA ROSA       188599              12022020REA000000000000000000000000029526                    00000000000000000000000                    00000082100094506072                     00
3410002300074A00000013301602 000000001492 3REGILDA FERNANDA SPEER GARCIA 188612              12022020REA000000000000000000000000012827                    00000000000000000000000                    00000000018911166650                     00
3410002300075A00000013301075 000000027569 7DELLA ROCCA E ROSA ACADEMIA LT188634              12022020REA000000000000000000000000008713                    00000000000000000000000                    00000089100082999692                     00
3410002300076A00000013301075 000000028391 6AUTO POSTO SAO PEDRO EIRELI   188712              12022020REA000000000000000000000000010166                    00000000000000000000000                    00000003100003070108                     00
3410002300077A00000013301075 000000006792 0VALDORI DE LIMA               188700              12022020REA000000000000000000000000012630                    00000000000000000000000                    00000000035988313159                     00
3410002300078A00000013301608 000000006806 3ELISANDRO COELHO              188592              12022020REA000000000000000000000000053521                    00000000000000000000000                    00000008100016664221                     00
3410002300079A00000013301608 000000009668 7MARCIEL WIETCOVSKI            188510              12022020REA000000000000000000000000106538                    00000000000000000000000                    00000041100034508322                     00
3410002300080A00000008900003 000000201334 7RAFAEL DONIZETE BUCCI 17205150188663              12022020REA000000000000000000000000025848                    00000000000000000000000                    00000034100004466522                     00
3410002300081A00000013301609 000000019187 6EMPANADOS SABOR E CIA LTDA    188658              12022020REA000000000000000000000000009936                    00000000000000000000000                    00000008100018427350                     00
3410002300082A00000013301075 000000009739 0PAULA CAROLINA DA SILVA MEI   188507              12022020REA000000000000000000000000187693                    00000000000000000000000                    00000087100056687682                     00
3410002300083A00000013301075 000000009944 9ROSILENE VAMBOMMEL MEYER 05387188583              12022020REA000000000000000000000000018023                    00000000000000000000000                    00000004100002294142                     00
3410002300084A00000013301075 000000028645 1LEONARDO AMARAL ANSELMO       188613              12022020REA000000000000000000000000006306                    00000000000000000000000                    00000082100007999311                     00
3410002300085A00000013301075 000000028122 0FERNANDO PRIM                 188714              12022020REA000000000000000000000000012676                    00000000000000000000000                    00000091100062455421                     00
3410002300086A00000013301003 000000014342 1NELI ALTINIZIA DALLASTRA      188718              12022020REA000000000000000000000000021063                    00000000000000000000000                    00000067100069239671                     00
3410002300087A00000010403625 000000000420 1VAL FREIRE ESTETICA EIRELI    188575              12022020REA000000000000000000000000168971                    00000000000000000000000                    00000093100013174122                     00
3410002300088A00000023701849 000000007000 9LEONIDIA ALVES CARDOSO        188659              12022020REA000000000000000000000000359965                    00000000000000000000000                    00000030200043403030                     00
3410002300089A00000023701211 000000070392 3PRENDA MARI LTDA              188661              12022020REA000000000000000000000000029009                    00000000000000000000000                    00000099100056873620                     00
3410002300090A00000023705474 000000004421 0ESPACO TAMAREIRA POUSADA E EVE188567              12022020REA000000000000000000000000386278                    00000000000000000000000                    00000022100097512192                     00
3410002300091A00000013301608 000000002508 9AGENOR MOLINARI               188689              12022020REA000000000000000000000000007294                    00000000000000000000000                    00000000035910552554                     00
3410002300092A00000023700417 000000067546 6ANALISES CLINICAS SANTO INACIO188615              12022020REA000000000000000000000000018302                    00000000000000000000000                    00000080100096053530                     00
3410002300093A00000013301062 000000005590 5NERI DE BORBA                 188705              12022020REA000000000000000000000000010550                    00000000000000000000000                    00000000040957842537                     00
3410002300094A00000013301003 000000014380 4DAIANE TOMAZETTO BERNARDI     188619              12022020REA000000000000000000000000173581                    00000000000000000000000                    00000080100065639882                     00
3410002300095A00000013301003 000000004779 1NADIR FRANCISCO PERONDI E CIA 188580              12022020REA000000000000000000000000066809                    00000000000000000000000                    00000006100071188640                     00
3410002300096A00000003303208 000001083899 5DAFNE DA COSTA ALMEIDA        188701              12022020REA000000000000000000000000032554                    00000000000000000000000                    00000000008875328013                     00
3410002300097A00000013301075 000000010179 6FREITAS MATERIAIS DE CONSTRUCA188702              12022020REA000000000000000000000000111705                    00000000000000000000000                    00000079100075765390                     00
3410002300098A00000013301003 000000004095 9ODAIR J CAETANO E CIA LTDA    188585              12022020REA000000000000000000000000009367                    00000000000000000000000                    00000023100067966710                     00
3410002300099A00000003304268 000001000717 6ELISANGELA DA COLLINA FURLAN  188629              12022020REA000000000000000000000000051954                    00000000000000000000000                    00000000080856097461                     00
3410002300100A00000013301009 000000006384 3MIOTTO E ROSS RESTAURANTE E CA188685              12022020REA000000000000000000000000028170                    00000000000000000000000                    00000037100033866533                     00
3410002300101A00000013301003 000000014638 2EXCLUSIVA PNEUS E AUTO CENTER 188553              12022020REA000000000000000000000000096528                    00000000000000000000000                    00000052100039662833                     00
3410002300102A00000013301003 000000014536 0FRIGO E COLPANI LTDA          188579              12022020REA000000000000000000000000026341                    00000000000000000000000                    00000037100020068091                     00
3410002300103A00000013301075 000000027686 3AYRON CORREIA COMERCIO DE PRES188735              12022020REA000000000000000000000000012448                    00000000000000000000000                    00000028100002771692                     00
3410002300104A00000013301075 000000027123 3SICRET RISTOW TESKE           188694              12022020REA000000000000000000000000015068                    00000000000000000000000                    00000033100035712410                     00
3410002300105A00000010400749 000000000834 3P W F T GUEDES PROMOCOES      188547              12022020REA000000000000000000000000630329                    00000000000000000000000                    00000040100064639840                     00
3410002300106A00000013301003 000000009793 4TIAGO JUNIOR RESTELATTO MIOLA 188563              12022020REA000000000000000000000000034334                    00000000000000000000000                    00000040100059276712                     00
3410002300107A00000013301003 000000006175 1S F GOLINSKI LTDA             188554              12022020REA000000000000000000000000070408                    00000000000000000000000                    00000048100037980002                     00
3410002300108A00000013301075 000000022862 1TED MARYNUS CONFECCOES LTDA   188525              12022020REA000000000000000000000000036736                    00000000000000000000000                    00000060100073555828                     00
3410002300109A00000013301003 000000009582 6METALURGICA SALTO CAXIAS      188531              12022020REA000000000000000000000000003209                    00000000000000000000000                    00000003100091305147                     00
3410002300110A00000013301003 000000014675 7JERUSA ALBERTON ASSMANN       188600              12022020REA000000000000000000000000013007                    00000000000000000000000                    00000009100017539830                     00
3410002300111A00000023702831 000000032144 3LL ANDRIANI                   188512              12022020REA000000000000000000000000020000                    00000000000000000000000                    00000099100035526621                     00
3410002300112A00000013301003 000000014800 8LUTERO JOAO DA MOTTA          188521              12022020REA000000000000000000000000008266                    00000000000000000000000                    00000008100074314850                     00
3410002300113A00000013301588 000000019079 9ALTAIR VALENTIM SILVA         188511              12022020REA000000000000000000000000006779                    00000000000000000000000                    00000000013943192660                     00
3410002300114A00000026000001 000071128234 0RENATO LOPES DE PAULA         188537              12022020REA000000000000000000000000038668                    00000000000000000000000                    00000000036138624920                     00
3410002300115A00000008900003 000000201990 6TIAGO HENRIQUE MENGALI        188656              12022020REA000000000000000000000000051971                    00000000000000000000000                    00000000100059894121                     00
3410002300116A00000013301003 000000014242 5CM COMERCIO DE PECAS IMPLEMENT188707              12022020REA000000000000000000000000014649                    00000000000000000000000                    00000076100057634070                     00
3410002300117A00000013301003 000000014886 5FRANCIELA T DAROS PAPELARIA E 188720              12022020REA000000000000000000000000019545                    00000000000000000000000                    00000002100041128603                     00
3410002300118A00000013301003 000000004069 0R E CONFECCOES LTDA ME        188572              12022020REA000000000000000000000000109435                    00000000000000000000000                    00000082100086420891                     00
3410002300119A00000010403052 000000000091 0DUARTE  VIANA LTDA            188516              12022020REA000000000000000000000000003311                    00000000000000000000000                    00000090100066185230                     00
3410002300120A00000013301075 000000007971 5JULIA BORBA ROCHA ME          188573              12022020REA000000000000000000000000036163                    00000000000000000000000                    00000042100060357741                     00
3410002300121A00000013301075 000000029040 8MARILI SALVADOR               188676              12022020REA000000000000000000000000029141                    00000000000000000000000                    00000094100099742513                     00
3410002300122A00000010400615 000000021060 0NATALIA DE SOUZA FERREIRA     188609              12022020REA000000000000000000000000005803                    00000000000000000000000                    00000000073197515420                     00
3410002300123A00000013301075 000000029207 9JOSE CARLOS DE MELO           188533              12022020REA000000000000000000000000002042                    00000000000000000000000                    00000034100040281143                     00
3410002300124A00000013301003 000000009546 0FAVERO E BORTOLIN FISIOTERAPIA188725              12022020REA000000000000000000000000048941                    00000000000000000000000                    00000079100089251423                     00
3410002300125A00000013301003 000000005950 1ALVARO FERREIRA DE SOUZA E CIA188532              12022020REA000000000000000000000000028775                    00000000000000000000000                    00000070100095861820                     00
3410002300126A00000013301075 000000010029 3JAISON ARCENO DA SILVA MEI    188523              12022020REA000000000000000000000000011378                    00000000000000000000000                    00000024100021040403                     00
3410002300127A00000000107114 000000013705 7MARCOS VINICIUS LOPES DE PAULA188620              12022020REA000000000000000000000000006626                    00000000000000000000000                    00000000066195047600                     00
3410002300128A00000013301009 000000006108 5MARIANI DIAS                  188744              12022020REA000000000000000000000000009216                    00000000000000000000000                    00000008100082720172                     00
3410002300129A00000013301075 000000016752 5ALAMEDA AGROPECUARIA LTDA     188588              12022020REA000000000000000000000000014539                    00000000000000000000000                    00000020100027426292                     00
3410002300130A00000010400749 000000000905 6FRANCISCO VALDIR CHAVES       188690              12022020REA000000000000000000000000015185                    00000000000000000000000                    00000002100091506532                     00
3410002300131A00000013301075 000000021812 0LAVACAO E BORRACHARIA DOIS IRM188549              12022020REA000000000000000000000000002820                    00000000000000000000000                    00000076100073071897                     00
3410002300132A00000010400749 001300002175 4MISSILENE ALMEIDA DE OLIVEIRA 188550              12022020REA000000000000000000000000023670                    00000000000000000000000                    00000000080314165400                     00
3410002300133A00000013301075 000000029377 6VERA MERIANE DE SOUZA FERREIRA188529              12022020REA000000000000000000000000003835                    00000000000000000000000                    00000053100033934492                     00
3410002300134A00000013301009 000000006537 4VALERIO JOSE GONCALVES        188648              12022020REA000000000000000000000000012156                    00000000000000000000000                    00000007100000806372                     00
3410002300135A00000013301668 000000006064 0L Z BRILHAR ECO PISCINAS EIREL188740              12022020REA000000000000000000000000010211                    00000000000000000000000                    00000000100047550232                     00
3410002300136A00000013301075 000000010148 6ELIEZER MARTINS SONANIOTTO    188651              12022020REA000000000000000000000000034426                    00000000000000000000000                    00000000100024486872                     00
3410002300137A00000013301075 000000028644 3PATRICIA MARIA SALVADOR ME    188708              12022020REA000000000000000000000000007280                    00000000000000000000000                    00000080100077364533                     00
3410002300138A00000013301620 000000014915 2RA COMERCIO DE MEDICAMENTOS   188743              12022020REA000000000000000000000000015668                    00000000000000000000000                    00000073100065338730                     00
3410002300139A00000013301062 000000015112 2SOLANGI VITORETI BARANOSWKI   188534              12022020REA000000000000000000000000009725                    00000000000000000000000                    00000066100006202343                     00
3410002300140A00000000103570 000000025601 3SOUVIE COMERCIO INDUSTRIA IMPO188626              12022020REA000000000000000000000000132122                    00000000000000000000000                    00000008100025862221                     00
3410002300141A00000013301009 000000003356 1EVERSON CHIOCHETA E CIA       188589              12022020REA000000000000000000000000007877                    00000000000000000000000                    00000000100035530240                     00
3410002300142A00000013301503 000000004756 2JANETE LANG                   188564              12022020REA000000000000000000000000014556                    00000000000000000000000                    00000028100091823112                     00
3410002300143A00000013301075 000000027952 8DIVIACO LTDA                  188578              12022020REA000000000000000000000000047664                    00000000000000000000000                    00000099100011314471                     00
3410002300144A00000013301009 000000006374 6CELLA E SILVA                 188665              12022020REA000000000000000000000000009992                    00000000000000000000000                    00000060100092219082                     00
3410002300145A00000013301062 000000005191 8GEVERSON BERGAMO              188638              12022020REA000000000000000000000000008796                    00000000000000000000000                    00000000069931582480                     00
3410002300146A00000013301003 000000015024 0ELIZANDRA DA SILVA            188593              12022020REA000000000000000000000000036926                    00000000000000000000000                    00000000061960449230                     00
3410002300147A00000013301075 000000020517 6IVANIR TEREZINHA RICARDO BAUMG188606              12022020REA000000000000000000000000002931                    00000000000000000000000                    00000039100076354571                     00
3410002300148A00000013301075 000000029531 0ELETRO SOLUCOES               188535              12022020REA000000000000000000000000019402                    00000000000000000000000                    00000030100052394551                     00
3410002300149A00000013301003 000000004340 0LOVENI SCHUG                  188565              12022020REA000000000000000000000000005835                    00000000000000000000000                    00000072100003469862                     00
3410002300150A00000013301003 000000009371 8SUPERVALE DISTRIBUIDORA DE PRO188736              12022020REA000000000000000000000000005835                    00000000000000000000000                    00000072100081364131                     00
3410002300151A00000013301609 000000027693 6MERCADO FERNANDES E SOUZA     188586              12022020REA000000000000000000000000007370                    00000000000000000000000                    00000004100012126092                     00
3410002300152A00000023701918 000000017151 4NATALIA PEREIRA FERNANDES 3988188614              12022020REA000000000000000000000000004790                    00000000000000000000000                    00000002100021498543                     00
3410002300153A00000075603256 000000002823 1RODRIGO LUCAS DANTAS          188687              12022020REA000000000000000000000000012261                    00000000000000000000000                    00000062100055998772                     00
3410002300154A00000013301003 000000015266 8MARCIA DE FATIMA CALGAROTTO CO188716              12022020REA000000000000000000000000036616                    00000000000000000000000                    00000036100090238201                     00
3410002300155A00000000100638 000000097334 3RONILDA ALMEIDA BANDEIRA EIREL188538              12022020REA000000000000000000000000005826                    00000000000000000000000                    00000001100005929623                     00
3410002300156A00000023706326 000000006804 7JOSE ALBERTO MARTINS NOVAIS BA188558              12022020REA000000000000000000000000051044                    00000000000000000000000                    00000072100075385762                     00
3410002300157A00000003303554 000013000683 0BELLA PETROPOLIS PADARIA E CON188622              12022020REA000000000000000000000000522210                    00000000000000000000000                    00000085100088394960                     00
3410002300158A00000000104206 000000017204 9CENTRO MEDICO DE RIBEIRAO PRET188680              12022020REA000000000000000000000000018915                    00000000000000000000000                    00000091100017841065                     00
3410002300159A00000013301075 000000029265 6DANTAS SAMARY COMERCIO AGRICOL188581              12022020REA000000000000000000000000017074                    00000000000000000000000                    00000023100058657201                     00
3410002300160A00000010404053 000000002535 0NELMA MORAIS DE AZEVEDO       188668              12022020REA000000000000000000000000025239                    00000000000000000000000                    00000047100052881600                     00
3410002300161A00000013301003 000000015308 7ANTONIO CARLOS DOS SANTOS O CO188709              12022020REA000000000000000000000000009394                    00000000000000000000000                    00000020100070093231                     00
3410002300162A00000023702621 000000030652 5HIGIENOPOLIS ROTISSERIE E CONE188672              12022020REA000000000000000000000000319702                    00000000000000000000000                    00000025100003597511                     00
3410002300163A00000013301003 000000006193 0MARCIA RAITZ                  188738              12022020REA000000000000000000000000001450                    00000000000000000000000                    00000005100045579603                     00
3410002300164A00000000101724 000000008044 6PAULO RANGEL DA COSTA SANTOS  188652              12022020REA000000000000000000000000001942                    00000000000000000000000                    00000000065572177040                     00
3410002300165A00000013301009 000000005768 1KREMER E KUNTZ LTDA           188627              12022020REA000000000000000000000000011394                    00000000000000000000000                    00000022100047501920                     00
3410002300166A00000013301009 000000003568 8ANDRELINA CARNEIRO ROA        188641              12022020REA000000000000000000000000009701                    00000000000000000000000                    00000080100014128561                     00
3410002300167A00000075603125 000002130346 0SILVIO CESAR BIAZOTO          188657              12022020REA000000000000000000000000110311                    00000000000000000000000                    00000056100091703390                     00
3410002300168A00000013301075 000000012978 0LAURA GOLL                    188527              12022020REA000000000000000000000000008218                    00000000000000000000000                    00000000035927741827                     00
3410002300169A00000013301075 000000027620 0MARILEUSA JANETE LOPES DE SOUZ188675              12022020REA000000000000000000000000029053                    00000000000000000000000                    00000000020989884510                     00
3410002300170A00000013301620 000000006482 3VITORIA LIVRARIA E PAPELARIA L188590              12022020REA000000000000000000000000047176                    00000000000000000000000                    00000000100005850091                     00
3410002300171A00000013301009 000000009322 0FRANCIELE MANICA HOINATZ      188604              12022020REA000000000000000000000000007191                    00000000000000000000000                    00000085100030355352                     00
3410002300172A00000010402949 000100024256 3NELSON SANCHES JUNIOR         188643              12022020REA000000000000000000000000050973                    00000000000000000000000                    00000000002897760311                     00
3410002300173A00000023702302 000000004100 9TRADICAO DISTRIBUIDORA DE PERS188520              12022020REA000000000000000000000000447643                    00000000000000000000000                    00000057100091843547                     00
3410002300174A00000013301003 000000015386 9MARISETE ERHARDT              188670              12022020REA000000000000000000000000002723                    00000000000000000000000                    00000086100009850833                     00
3410002300175A00000010400037 000100039133 6JANAINA AGOSTINHO DE MELO     188721              12022020REA000000000000000000000000014608                    00000000000000000000000                    00000000016418442210                     00
3410002300176A00000013301075 000000030056 0JOSE MARCUS MARKOSCKI EPP     188704              12022020REA000000000000000000000000026162                    00000000000000000000000                    00000094100050840921                     00
3410002300177A00000013301075 000000006105 0ASSOCIACAO DE PAIS E AMIGOS DO188556              12022020REA000000000000000000000000012935                    00000000000000000000000                    00000096100092878908                     00
3410002300178A00000013301075 000000010472 8MARCIONEI TOMAZELI BAR E MERCE188561              12022020REA000000000000000000000000020423                    00000000000000000000000                    00000068100075976567                     00
3410002300179A00000074808043 000000052893 5RAFA CALCADOS LTDA            188518              12022020REA000000000000000000000000074281                    00000000000000000000000                    00000034100026109430                     00
3410002300180A00000013301075 000000030144 2MADALENA HEREK SILVIERO       188724              12022020REA000000000000000000000000009720                    00000000000000000000000                    00000000000967553857                     00
3410002300181A00000013301075 000000030197 3CRISTINA MAIARA K             188548              12022020REA000000000000000000000000010474                    00000000000000000000000                    00000000033948123470                     00
3410002300182A00000010402947 001300020483 4ANGELO ALBERTO ZANON          188623              12022020REA000000000000000000000000004939                    00000000000000000000000                    00000000056831028713                     00
3410002300183A00000000101498 000000008037 3JOYALE COMERCIO VAREJISTA DE A188682              12022020REA000000000000000000000000056777                    00000000000000000000000                    00000079100096727887                     00
3410002300184A00000013301009 000000009142 1ORIDES BASSO                  188697              12022020REA000000000000000000000000004863                    00000000000000000000000                    00000096100095999103                     00
3410002300185A00000023700527 000000072300 2ASSOCIACAO RESIDENCIAL VILA DA188584              12022020REA000000000000000000000000061557                    00000000000000000000000                    00000001100037636341                     00
3410002300186A00000000101169 000000024404 0ITALO DO NASCIMENTO FARIAS ME 188729              12022020REA000000000000000000000000001162                    00000000000000000000000                    00000007200097241380                     00
3410002300187A00000013301581 000000023058 8DANUSA ALINE BROGNI           188617              12022020REA000000000000000000000000013995                    00000000000000000000000                    00000000093954853450                     00
3410002300188A00000013301075 000000028042 9GERTRUDES JUNCKES             188557              12022020REA000000000000000000000000023330                    00000000000000000000000                    00000004100028440513                     00
3410002300189A00000013301003 000000015774 0EDUARDO JOSE GRANDI           188646              12022020REA000000000000000000000000013090                    00000000000000000000000                    00000062100059283872                     00
3410002300190A00000000103082 000000003108 9TS2 ATIVIDADES FISICAS ESPECIA188570              12022020REA000000000000000000000000076444                    00000000000000000000000                    00000085100005229033                     00
3410002300191A00000013301075 000000029314 8MARCIANO SYPRIANI             188684              12022020REA000000000000000000000000008276                    00000000000000000000000                    00000097100009089622                     00
3410002300192A00000000107007 000000011524 0MILANI E MACHADO PRODUCOES EIR188717              12022020REA000000000000000000000000348266                    00000000000000000000000                    00000048100097203253                     00
3410002300193A00000013301075 000000029384 9NER LANCHONETE LTDA ME        188577              12022020REA000000000000000000000000030045                    00000000000000000000000                    00000092100003073900                     00
3410002300194A00000010400349 001300120509 9FABIO RICARDO DINIZ           188621              12022020REA000000000000000000000000011688                    00000000000000000000000                    00000000058855199862                     00
3410002300195A00000013301075 000000004963 8FELISBERTO BESEN              188649              12022020REA000000000000000000000000428690                    00000000000000000000000                    00000000040977488070                     00
3410002300196A00000013301003 000000014655 2ISOLETE LEMBECK DA SILVA HOTEL188673              12022020REA000000000000000000000000048625                    00000000000000000000000                    00000070100064458022                     00
3410002300197A00000023700444 000000003671 4DIEMERSON RODRIGUES FONSECA   188644              12022020REA000000000000000000000000027118                    00000000000000000000000                    00000019100016094602                     00
3410002300198A00000017400001 000000900000 3SPLENDIDO ALIMENTACAO E SERVIC188603              12022020REA000000000000000000000000009128                    00000000000000000000000                    00000003100083910330                     00
3410002300199A00000013301610 000000009580 0ROSANA MARQUES ALVES DA SILVA 188633              12022020REA000000000000000000000000041908                    00000000000000000000000                    00000000078941074177                     00
3410002300200A00000013301003 000000014911 0SUELLEN CRISTINE BARBOSA MORTE188741              12022020REA000000000000000000000000005835                    00000000000000000000000                    00000097100045710972                     00
3410002300201A00000000400036 000000013732 2CAMELO COMERCIO DE CEREAIS LTD188639              12022020REA000000000000000000000000009596                    00000000000000000000000                    00000022100095741480                     00
3410002300202A00000007700001 000003133880 1FARMACIA SAUDE PARA TODOS LTDA188677              12022020REA000000000000000000000000008705                    00000000000000000000000                    00000012200013749201                     00
3410002300203A00000013301075 000000030409 3PATRICIO  PATRICIO PADARIA E C188732              12022020REA000000000000000000000000013850                    00000000000000000000000                    00000066100023284271                     00
3410002300204A00000008500101 000000915620 8GABRIELE ELISA BRUNS LUCHTENBE188544              12022020REA000000000000000000000000050181                    00000000000000000000000                    00000047100049975802                     00
3410002300205A00000010403250 000000000712 1S M LEAL REIS MECANICA PARA VE188625              12022020REA000000000000000000000000063147                    00000000000000000000000                    00000011100061567603                     00
3410002300206A00000023701749 000000008323 2ADRIANO BIRELLO               188630              12022020REA000000000000000000000000057755                    00000000000000000000000                    00000000100090856651                     00
3410002300207A00000000104309 000000016520 4ANTONIO RAIMUNDO DE SOUSA     188566              12022020REA000000000000000000000000009477                    00000000000000000000000                    00000000094872765486                     00
3410002300208A00000075603125 000002130523 4ANTONIO MARCOS DEOLINDO LANZOL188635              12022020REA000000000000000000000000011746                    00000000000000000000000                    00000052100087747670                     00
3410002300209A00000023705246 000000022217 8SANTO SHOW PRODUCOES E EVENTOS188605              12022020REA000000000000000000000000199604                    00000000000000000000000                    00000021100001382931                     00
3410002300210A00000074800718 000000096168 8MERCANTIL BRAIDEL LTDA        188595              12022020REA000000000000000000000000009216                    00000000000000000000000                    00000019100000955795                     00
3410002300211A00000000100057 000000133039 XROGERIO FLAVIO PAGGIORO       188681              12022020REA000000000000000000000000003253                    00000000000000000000000                    00000000050846246170                     00
3410002300212A00000000102199 000000023520 2MATEUS CORDEIRO NUNES         188671              12022020REA000000000000000000000000022727                    00000000000000000000000                    00000000093390515720                     00
3410002300213A00000000102199 000000021647 XALDEMIR OLIVEIRA DA SILVA NETO188519              12022020REA000000000000000000000000035558                    00000000000000000000000                    00000000030399492410                     00
3410002300214A00000010400570 001300057639 7DEVAIR GONCALVES EMERIM       188723              12022020REA000000000000000000000000004826                    00000000000000000000000                    00000000019950690358                     00
34100025         000216000000000010194188000000000000000000                                                                                                                                                                                     
34199999         000002000244                                                                                                                                                                                                                   
