34100000      081222347623000178                    06248 000000045232 5CELER PAGAMENTOS              Itau Unibanco S.A                       12602202000000000000000                                                                           
34100011C9801040 222347623000178                    06248 000000045232 5CELER PAGAMENTOS                                                                                   00000                                   00000000                     
3410001300001A00000034108895 000000036292 2AMORSAUDE CLINICA MEDICA E ODO203700              26022020REA000000000000000000000000067606                    00000000000000000000000                    00000030280982000183                     00
3410001300002A00000034100393 000000044460 9TEAM TRAVEL AGENCIA DE VIAGENS203718              26022020REA000000000000000000000000083032                    00000000000000000000000                    00000000165202000193                     00
3410001300003A00000034106238 000000065656 2TOGETHER AGENCIA DE VIAGENS E 203715              26022020REA000000000000000000000000467474                    00000000000000000000000                    00000007678652000129                     00
3410001300004A00000034100252 000000064905 8PAZTUR AGENCIA DE VIAGENS E TU203734              26022020REA000000000000000000000000429454                    00000000000000000000000                    00000004964427000160                     00
3410001300005A00000034100429 000000057981 6AKTUAL VIAG E TURISMO LTDA    203714              26022020REA000000000000000000000000114843                    00000000000000000000000                    00000065422370000162                     00
3410001300006A00000034109643 000000001241 3PATRICK SEMAAN                203722              26022020REA000000000000000000000000090691                    00000000000000000000000                    00000020600790000153                     00
3410001300007A00000034100188 000000067924 5VIRTUAL TRAVEL AGENCIA DE TURI203709              26022020REA000000000000000000000000081228                    00000000000000000000000                    00000005377432000130                     00
3410001300008A00000034100263 000000036196 6CENOG AGENCIA DE VIAGENS E TUR203745              26022020REA000000000000000000000000066820                    00000000000000000000000                    00000015362212000196                     00
3410001300009A00000034100066 000000004343 1HOSPITAL SANTA PAULA          203729              26022020REA000000000000000000000000121622                    00000000000000000000000                    00000060777901000116                     00
3410001300010A00000034103754 000000044102 4DAVI COSTA MEDEIROS CONSULTORI203731              26022020REA000000000000000000000000084431                    00000000000000000000000                    00000021387467000106                     00
3410001300011A00000034100002 000000035253 2LUCAS FERREIRA MAGALHAES      203760              26022020REA000000000000000000000000057796                    00000000000000000000000                    00000003424849000180                     00
3410001300012A00000034100792 000000063933 8EDUSA INDUSTRIAL DE ACOS LTDA 203725              26022020REA000000000000000000000000059608                    00000000000000000000000                    00000067565093000172                     00
3410001300013A00000034100002 000000035253 2A  G COSMETICOS LTDA          203733              26022020REA000000000000000000000000053001                    00000000000000000000000                    00000003424849000180                     00
3410001300014A00000034100002 000000035253 2ALLOR COMERCIO E DISTRIBUICAO 203748              26022020REA000000000000000000000000032651                    00000000000000000000000                    00000003424849000180                     00
3410001300015A00000034100406 000000006049 1ALLOR COMERCIO E DISTRIBUICAO 203767              26022020REA000000000000000000000000053510                    00000000000000000000000                    00000000952818000104                     00
3410001300016A00000034103005 000000003318 2EDIVALDO RODRIGUES DOS SANTOS 203699              26022020REA000000000000000000000000058146                    00000000000000000000000                    00000000014483706802                     00
3410001300017A00000034101644 000000062360 3V F DOS SANTOS COMERCIO DE MOV203762              26022020REA000000000000000000000000054022                    00000000000000000000000                    00000012258816000107                     00
3410001300018A00000034100445 000000011116 4FLAPTUR AGENCIA DE VIAGENS E T203771              26022020REA000000000000000000000000753037                    00000000000000000000000                    00000004003611000144                     00
3410001300019A00000034100002 000000035253 2LOOK S COMESTICOS LTDA        203750              26022020REA000000000000000000000000116478                    00000000000000000000000                    00000003424849000180                     00
3410001300020A00000034100187 000000013926 6CRZ COMERCIO E REPRESENTACOES 203743              26022020REA000000000000000000000000191370                    00000000000000000000000                    00000047738604000101                     00
34100015         000022000000000003036820000000000000000000                                                                                                                                                                                     
34100021C9841040 222347623000178                    06248 000000045232 5CELER PAGAMENTOS                                                                                   00000                                   00000000                     
3410002300001A00000008500109 000000044648 3EPR CENTRO AUTOMOTIVO ME LTDA 203735              26022020REA000000000000000000000000063063                    00000000000000000000000                    00000030636108000136                     00
3410002300002A00000023701849 000000001268 8AURELIO FERREIRA RIBEIRO ME   203744              26022020REA000000000000000000000000053780                    00000000000000000000000                    00000005669371000184                     00
3410002300003A00000008500101 000000732600 9MAGNUM INSTRUMENTOS MUSICAIS L203758              26022020REA000000000000000000000000146769                    00000000000000000000000                    00000082097197000193                     00
3410002300004A00000003300083 000013007492 1CENTRAL DE NEGOCIOS AGENCIA DE203739              26022020REA000000000000000000000000125943                    00000000000000000000000                    00000004885275000100                     00
3410002300005A00000023700095 000000148486 9ALTERNATUR AGENCIA DE VIAGENS 203741              26022020REA000000000000000000000000154561                    00000000000000000000000                    00000058645359000104                     00
3410002300006A0000002370128  00000004256  0GRAN VIAGGI TURISMO LTDA ME   203721              26022020REA000000000000000000000000053998                    00000000000000000000000                    00000069288967000117                     00
3410002300007A00000010400815 0 0000100048 8CARLOS HENRIQUE QUEIROGA AMARA203738              26022020REA000000000000000000000000175725                    00000000000000000000000                    00000000023212926600                     00
3410002300008A00000003303733 000013003898 0CARTAO DE DESCONTOS           203719              26022020REA000000000000000000000000094658                    00000000000000000000000                    00000025135387000114                     00
3410002300009A00000075603125 000000632446 0SANTOS  DIOGO LTDA            203728              26022020REA000000000000000000000000065066                    00000000000000000000000                    00000003177943000182                     00
3410002300010A00000075603125 000000631809 6ANSELMO ACETI INFORMATICA  ME 203713              26022020REA000000000000000000000000141863                    00000000000000000000000                    00000004322177000165                     00
3410002300011A00000000100781 000000018701 1ADEMIR APARECIDO CONSTANTINO M203701              26022020REA000000000000000000000000071443                    00000000000000000000000                    00000004162718000135                     00
3410002300012A00000023701232 000000024868 1ATENDIMENTO MEDICO E ODONTOLOG203736              26022020REA000000000000000000000000136674                    00000000000000000000000                    00000031132613000106                     00
3410002300013A00000003303733 000013004404 0AZEVEDO E MENDES SERVICOS ADMI203723              26022020REA000000000000000000000000183293                    00000000000000000000000                    00000024996244000134                     00
3410002300014A00000042200043 000000581000 6FLORESTE E SUPRIMENTO FLORESTA203764              26022020REA000000000000000000000000055376                    00000000000000000000000                    00000008140158000179                     00
3410002300015A00000023700023 000000253043 0JOAO H BOTELHO GENNARI RESTAUR203737              26022020REA000000000000000000000000282615                    00000000000000000000000                    00000017276511000133                     00
3410002300016A00000003304501 000013002428 2CEMA CENTRO MEDICO E ODONTOLOG203755              26022020REA000000000000000000000000054606                    00000000000000000000000                    00000010576511000100                     00
3410002300017A00000000106939 000000053750 0ADMINISTRADORA DE CONSULTORIOS203749              26022020REA000000000000000000000000251755                    00000000000000000000000                    00000025966574000140                     00
3410002300018A00000003303749 000013002584 8GREEN GOY NOYORI EIRELI  ME   203757              26022020REA000000000000000000000000096070                    00000000000000000000000                    00000005877577000108                     00
3410002300019A00000010402047 000000304973 1CLINICA MEDICA E ODONTOLOGICA 203702              26022020REA000000000000000000000000093492                    00000000000000000000000                    00000031570751000177                     00
3410002300020A00000008900001 000000003797 4NAIR DA SILVA MUNIZ 1728733782203720              26022020REA000000000000000000000000055191                    00000000000000000000000                    00000029549230000196                     00
3410002300021A00000003304422 000013001206 1MEDMAX COMERCIO DE EQUIPAMENTO203747              26022020REA000000000000000000000000185473                    00000000000000000000000                    00000007760277000161                     00
3410002300022A00000003301268 000013001326 1TERRAS GOIANAS CLINICA MEDICA 203710              26022020REA000000000000000000000000087657                    00000000000000000000000                    00000028796557000108                     00
3410002300023A00000000100063 000000005933 1CENTRO DE ENDOCRINOLOGIA E MET203695              26022020REA000000000000000000000000053250                    00000000000000000000000                    00000035439728001090                     00
3410002300024A00000000101409 000000028674 5VEXNET TELECON INFORMATICA LTD203711              26022020REA000000000000000000000000076161                    00000000000000000000000                    00000011500145000178                     00
3410002300025A00000013301075 000000009280 0ALEXANDRE PEDRO DA ROSA       203727              26022020REA000000000000000000000000121537                    00000000000000000000000                    00000027060549000128                     00
3410002300026A00000013301608 000000009668 7MARCIEL WIETCOVSKI            203703              26022020REA000000000000000000000000265789                    00000000000000000000000                    00000022380543000114                     00
3410002300027A00000023700105 000000220583 1CASA DE GAROA EIRELLI         203697              26022020REA000000000000000000000000006050                    00000000000000000000000                    00000008515856000101                     00
3410002300028A00000023700105 000000220583 1CASA DE GAROA EIRELLI         203765              26022020REA000000000000000000000000018494                    00000000000000000000000                    00000008515856000101                     00
3410002300029A00000023700105 000000220583 1CASA DE GAROA EIRELLI         203766              26022020REA000000000000000000000000037775                    00000000000000000000000                    00000008515856000101                     00
3410002300030A00000010403625 000000000420 1VAL FREIRE ESTETICA EIRELI    203716              26022020REA000000000000000000000000370137                    00000000000000000000000                    00000022147131000139                     00
3410002300031A00000023701849 000000007000 9LEONIDIA ALVES CARDOSO        203751              26022020REA000000000000000000000000779935                    00000000000000000000000                    00000003030434000203                     00
3410002300032A00000023705474 000000004421 0ESPACO TAMAREIRA POUSADA E EVE203698              26022020REA000000000000000000000000090567                    00000000000000000000000                    00000029121579000122                     00
3410002300033A00000013301003 000000014380 4DAIANE TOMAZETTO BERNARDI     203761              26022020REA000000000000000000000000077248                    00000000000000000000000                    00000028893656000108                     00
3410002300034A00000013301003 000000004779 1NADIR FRANCISCO PERONDI E CIA 203707              26022020REA000000000000000000000000095263                    00000000000000000000000                    00000004688117000160                     00
3410002300035A00000023701563 000000027180 2JR COSMETICOS  E REPRESENTACAO203768              26022020REA000000000000000000000000010964                    00000000000000000000000                    00000019874071000141                     00
3410002300036A00000023701563 000000027180 2JR COSMETICOS  E REPRESENTACAO203770              26022020REA000000000000000000000000014046                    00000000000000000000000                    00000019874071000141                     00
3410002300037A00000023701563 000000027180 2JR COSMETICOS  E REPRESENTACAO203769              26022020REA000000000000000000000000122357                    00000000000000000000000                    00000019874071000141                     00
3410002300038A00000013301075 000000010179 6FREITAS MATERIAIS DE CONSTRUCA203704              26022020REA000000000000000000000000098601                    00000000000000000000000                    00000009356757000197                     00
3410002300039A00000010400749 000000000834 3P W F T GUEDES PROMOCOES      203696              26022020REA000000000000000000000000061895                    00000000000000000000000                    00000004893646000104                     00
3410002300040A00000026000001 000071128234 0RENATO LOPES DE PAULA         203752              26022020REA000000000000000000000000094793                    00000000000000000000000                    00000000002942683163                     00
3410002300041A00000013301003 000000004069 0R E CONFECCOES LTDA ME        203746              26022020REA000000000000000000000000052211                    00000000000000000000000                    00000019802468000128                     00
3410002300042A00000023700023 000000253043 0ODA JAPANESE FOOD RESTAURANTE 203753              26022020REA000000000000000000000000341305                    00000000000000000000000                    00000017276511000133                     00
3410002300043A00000000103570 000000025601 3SOUVIE COMERCIO INDUSTRIA IMPO203724              26022020REA000000000000000000000000139251                    00000000000000000000000                    00000012226852000180                     00
3410002300044A00000003303554 000013000683 0BELLA PETROPOLIS PADARIA E CON203717              26022020REA000000000000000000000000889727                    00000000000000000000000                    00000006949388000158                     00
3410002300045A00000013301075 000000029265 6DANTAS SAMARY COMERCIO AGRICOL203732              26022020REA000000000000000000000000084983                    00000000000000000000000                    00000010275685000132                     00
3410002300046A00000023702621 000000030652 5HIGIENOPOLIS ROTISSERIE E CONE203712              26022020REA000000000000000000000000439730                    00000000000000000000000                    00000011579530000152                     00
3410002300047A00000010403868 000003000308 8BATERIAS S N LTDA             203740              26022020REA000000000000000000000000051175                    00000000000000000000000                    00000007861844000176                     00
3410002300048A00000023702302 000000004100 9TRADICAO DISTRIBUIDORA DE PERS203705              26022020REA000000000000000000000000913560                    00000000000000000000000                    00000074534819000175                     00
3410002300049A00000074808043 000000052893 5RAFA CALCADOS LTDA            203754              26022020REA000000000000000000000000073689                    00000000000000000000000                    00000003490162000143                     00
3410002300050A00000000101498 000000008037 3JOYALE COMERCIO VAREJISTA DE A203742              26022020REA000000000000000000000000345902                    00000000000000000000000                    00000078872769000197                     00
3410002300051A00000023700527 000000072300 2ASSOCIACAO RESIDENCIAL VILA DA203730              26022020REA000000000000000000000000060092                    00000000000000000000000                    00000014363673000110                     00
3410002300052A00000000103082 000000003108 9TS2 ATIVIDADES FISICAS ESPECIA203706              26022020REA000000000000000000000000187240                    00000000000000000000000                    00000033092250000158                     00
3410002300053A00000000107007 000000011524 0MILANI E MACHADO PRODUCOES EIR203756              26022020REA000000000000000000000000870180                    00000000000000000000000                    00000035230279000184                     00
3410002300054A00000013301075 000000004963 8FELISBERTO BESEN              203759              26022020REA000000000000000000000000131288                    00000000000000000000000                    00000000007088477904                     00
3410002300055A00000013301075 000000030354 2MADEIREIRA FAUST EIRELI       203726              26022020REA000000000000000000000000202104                    00000000000000000000000                    00000035481907000102                     00
3410002300056A00000013301075 000000015019 3MARLI WESSLER                 203694              26022020REA000000000000000000000000211616                    00000000000000000000000                    00000000048569844972                     00
3410002300057A00000023701749 000000008323 2ADRIANO BIRELLO               203708              26022020REA000000000000000000000000070816                    00000000000000000000000                    00000015665809000100                     00
3410002300058A00000023705246 000000022217 8SANTO SHOW PRODUCOES E EVENTOS203763              26022020REA000000000000000000000000095810                    00000000000000000000000                    00000013928310000112                     00
34100025         000060000000000010184612000000000000000000                                                                                                                                                                                     
34199999         000002000084                                                                                                                                                                                                                   
